
<record>
  <leader>02353cjm a2200457 a 4500</leader>
  <controlfield tag="001">14498964</controlfield>
  <controlfield tag="005">20200102172624.0</controlfield>
  <controlfield tag="007">sd fsngnnmmned</controlfield>
  <controlfield tag="008">060814p20052003gw con|           | zxx d</controlfield>
  <datafield tag="906" ind1=" " ind2=" ">
    <subfield code="a">7</subfield>
    <subfield code="b">cbc</subfield>
    <subfield code="c">copycat</subfield>
    <subfield code="d">2</subfield>
    <subfield code="e">ncip</subfield>
    <subfield code="f">20</subfield>
    <subfield code="g">y-genmusic</subfield>
  </datafield>
  <datafield tag="925" ind1="0" ind2=" ">
    <subfield code="a">acquire</subfield>
    <subfield code="b">2 shelf copies</subfield>
    <subfield code="x">policy default</subfield>
  </datafield>
  <datafield tag="955" ind1=" " ind2=" ">
    <subfield code="a">vl34 2008-07-07 z-client</subfield>
    <subfield code="i">vl34 2008-07-07</subfield>
    <subfield code="e">vk26 2008-07-30 MBRS for shelf label</subfield>
  </datafield>
  <datafield tag="955" ind1=" " ind2=" ">
    <subfield code="a">dj18 2006-08-14 to SMCD</subfield>
  </datafield>
  <datafield tag="010" ind1=" " ind2=" ">
    <subfield code="a">  2008575756</subfield>
  </datafield>
  <datafield tag="024" ind1="3" ind2=" ">
    <subfield code="a">4009350831841</subfield>
  </datafield>
  <datafield tag="028" ind1="0" ind2="2">
    <subfield code="a">83.184</subfield>
    <subfield code="b">Carus</subfield>
  </datafield>
  <datafield tag="035" ind1=" " ind2=" ">
    <subfield code="a">(OCoLC)ocm70134030</subfield>
  </datafield>
  <datafield tag="040" ind1=" " ind2=" ">
    <subfield code="a">GUA</subfield>
    <subfield code="c">GUA</subfield>
    <subfield code="d">OCLCG</subfield>
    <subfield code="d">DLC</subfield>
  </datafield>
  <datafield tag="041" ind1="0" ind2=" ">
    <subfield code="g">eng</subfield>
    <subfield code="g">fre</subfield>
    <subfield code="g">ger</subfield>
  </datafield>
  <datafield tag="042" ind1=" " ind2=" ">
    <subfield code="a">lccopycat</subfield>
  </datafield>
  <datafield tag="050" ind1="0" ind2="0">
    <subfield code="a">SDB 87857</subfield>
  </datafield>
  <datafield tag="100" ind1="1" ind2=" ">
    <subfield code="a">Bach, Carl Philipp Emanuel,</subfield>
    <subfield code="d">1714-1788.</subfield>
  </datafield>
  <datafield tag="240" ind1="1" ind2="0">
    <subfield code="a">Concertos,</subfield>
    <subfield code="m">keyboard instrument, string orchestra.</subfield>
    <subfield code="k">Selections</subfield>
  </datafield>
  <datafield tag="245" ind1="1" ind2="0">
    <subfield code="a">Concerti per il cembalo</subfield>
    <subfield code="h">[sound recording] /</subfield>
    <subfield code="c">Carl Philipp Emanuel Bach.</subfield>
  </datafield>
  <datafield tag="260" ind1=" " ind2=" ">
    <subfield code="a">Stuttgart :</subfield>
    <subfield code="b">Carus,</subfield>
    <subfield code="c">p2005.</subfield>
  </datafield>
  <datafield tag="300" ind1=" " ind2=" ">
    <subfield code="a">1 sound disc :</subfield>
    <subfield code="b">digital, stereo. ;</subfield>
    <subfield code="c">4 3/4 in.</subfield>
  </datafield>
  <datafield tag="306" ind1=" " ind2=" ">
    <subfield code="a">002232</subfield>
    <subfield code="a">002446</subfield>
    <subfield code="a">002211</subfield>
  </datafield>
  <datafield tag="500" ind1=" " ind2=" ">
    <subfield code="a">For harpsichord and string orchestra; the solo instrument in the 1st work originally designated by the composer as either organ or harpsichord.</subfield>
  </datafield>
  <datafield tag="500" ind1=" " ind2=" ">
    <subfield code="a">Cadenzas for the 1st-2nd works from C.P.E. Bach&apos;s 75 cadenzas (H. 264/W. 120) for keyboard; the cadenzas for the 3rd work improvised by the harpsichordist.</subfield>
  </datafield>
  <datafield tag="511" ind1="0" ind2=" ">
    <subfield code="a">L&apos;arpa festante ; Rien Voskuilen, harpsichord and conductor.</subfield>
  </datafield>
  <datafield tag="518" ind1=" " ind2=" ">
    <subfield code="a">Recorded July 2003, Klosterkirche Altenberg.</subfield>
  </datafield>
  <datafield tag="500" ind1=" " ind2=" ">
    <subfield code="a">Compact disc.</subfield>
  </datafield>
  <datafield tag="500" ind1=" " ind2=" ">
    <subfield code="a">Program notes in English, French, and German (19 p. : ports.) inserted in container.</subfield>
  </datafield>
  <datafield tag="505" ind1="0" ind2=" ">
    <subfield code="a">Concerto in G, Wq 34/H. 444 (22:32) -- Concerto in c, Wq 5/H. 407 (24:46) -- Concerto in a, Wq 26/H. 430 (22:11).</subfield>
  </datafield>
  <datafield tag="650" ind1=" " ind2="0">
    <subfield code="a">Concertos (Harpsichord with string orchestra)</subfield>
  </datafield>
  <datafield tag="700" ind1="1" ind2=" ">
    <subfield code="a">Voskuilen, Rien.</subfield>
    <subfield code="4">cnd</subfield>
    <subfield code="4">prf</subfield>
  </datafield>
  <datafield tag="700" ind1="1" ind2="2">
    <subfield code="a">Bach, Carl Philipp Emanuel,</subfield>
    <subfield code="d">1714-1788.</subfield>
    <subfield code="t">Concertos,</subfield>
    <subfield code="m">organ, string orchestra,</subfield>
    <subfield code="n">H. 444,</subfield>
    <subfield code="r">G major.</subfield>
  </datafield>
  <datafield tag="700" ind1="1" ind2="2">
    <subfield code="a">Bach, Carl Philipp Emanuel,</subfield>
    <subfield code="d">1714-1788.</subfield>
    <subfield code="t">Concertos,</subfield>
    <subfield code="m">harpsichord, string orchestra,</subfield>
    <subfield code="n">H. 407,</subfield>
    <subfield code="r">C minor.</subfield>
  </datafield>
  <datafield tag="700" ind1="1" ind2="2">
    <subfield code="a">Bach, Carl Philipp Emanuel,</subfield>
    <subfield code="d">1714-1788.</subfield>
    <subfield code="t">Concertos,</subfield>
    <subfield code="m">harpsichord, string orchestra,</subfield>
    <subfield code="n">H. 430,</subfield>
    <subfield code="r">A minor.</subfield>
  </datafield>
  <datafield tag="700" ind1="1" ind2=" ">
    <subfield code="a">Bach, Carl Philipp Emanuel,</subfield>
    <subfield code="d">1714-1788.</subfield>
    <subfield code="t">Cadenzas,</subfield>
    <subfield code="m">keyboard instrument,</subfield>
    <subfield code="n">H. 264.</subfield>
  </datafield>
  <datafield tag="710" ind1="2" ind2=" ">
    <subfield code="a">Arpa festante (Musical group)</subfield>
    <subfield code="4">prf</subfield>
  </datafield>
</record>