
<record>
  <leader>01572cam a2200325 a 4500</leader>
  <controlfield tag="001">14516685</controlfield>
  <controlfield tag="005">20200102143811.0</controlfield>
  <controlfield tag="008">060824s2007    mau           000 0 eng  </controlfield>
  <datafield tag="906" ind1=" " ind2=" ">
    <subfield code="a">7</subfield>
    <subfield code="b">cbc</subfield>
    <subfield code="c">orignew</subfield>
    <subfield code="d">1</subfield>
    <subfield code="e">ecip</subfield>
    <subfield code="f">20</subfield>
    <subfield code="g">y-gencatlg</subfield>
  </datafield>
  <datafield tag="925" ind1="0" ind2=" ">
    <subfield code="a">acquire</subfield>
    <subfield code="b">1 shelf copies</subfield>
    <subfield code="x">policy default</subfield>
  </datafield>
  <datafield tag="955" ind1=" " ind2=" ">
    <subfield code="a">sh48 2006-08-24</subfield>
    <subfield code="c">sh48 2006-08-24</subfield>
    <subfield code="d">sh13 2006-08-31</subfield>
    <subfield code="e">sh13 2006-08-31 to Dewey</subfield>
    <subfield code="a">aa17 2006-09-01</subfield>
    <subfield code="a">ps04 2007-04-11 1 copy rec&apos;d., to CIP ver.</subfield>
    <subfield code="f">sh42 2007-04-30</subfield>
    <subfield code="g">sh42 2007-04-30 to BCCD (Telework)</subfield>
    <subfield code="u">rk09 2020-01-02</subfield>
  </datafield>
  <datafield tag="010" ind1=" " ind2=" ">
    <subfield code="a">  2006028136</subfield>
  </datafield>
  <datafield tag="020" ind1=" " ind2=" ">
    <subfield code="a">9781593374846</subfield>
  </datafield>
  <datafield tag="020" ind1=" " ind2=" ">
    <subfield code="a">1593374844</subfield>
  </datafield>
  <datafield tag="040" ind1=" " ind2=" ">
    <subfield code="a">DLC</subfield>
    <subfield code="b">eng</subfield>
    <subfield code="c">DLC</subfield>
    <subfield code="d">DLC</subfield>
  </datafield>
  <datafield tag="050" ind1="0" ind2="0">
    <subfield code="a">BS475.3</subfield>
    <subfield code="b">.T715 2007</subfield>
  </datafield>
  <datafield tag="082" ind1="0" ind2="0">
    <subfield code="a">220.6/1</subfield>
    <subfield code="2">22</subfield>
  </datafield>
  <datafield tag="100" ind1="1" ind2=" ">
    <subfield code="a">Trigilio, John,</subfield>
    <subfield code="c">Jr.</subfield>
  </datafield>
  <datafield tag="245" ind1="1" ind2="0">
    <subfield code="a">101 things everyone should know about the Bible /</subfield>
    <subfield code="c">John Trigilio, Kenneth Brighenti.</subfield>
  </datafield>
  <datafield tag="246" ind1="3" ind2=" ">
    <subfield code="a">One hundred and one things everyone should know about the Bible</subfield>
  </datafield>
  <datafield tag="246" ind1="3" ind2=" ">
    <subfield code="a">One hundred one things everyone should know about the Bible</subfield>
  </datafield>
  <datafield tag="260" ind1=" " ind2=" ">
    <subfield code="a">Avon, MA :</subfield>
    <subfield code="b">AdamsMedia,</subfield>
    <subfield code="c">c2007.</subfield>
  </datafield>
  <datafield tag="300" ind1=" " ind2=" ">
    <subfield code="a">xii, 242 p. ;</subfield>
    <subfield code="c">15 cm.</subfield>
  </datafield>
  <datafield tag="490" ind1="0" ind2=" ">
    <subfield code="a">101 things everyone should know</subfield>
  </datafield>
  <datafield tag="505" ind1="0" ind2=" ">
    <subfield code="a">Bible 101 : the background -- What does divine inspiration and revelation mean? -- The Old Testament -- The Gospels -- The New Testament.</subfield>
  </datafield>
  <datafield tag="630" ind1="0" ind2="0">
    <subfield code="a">Bible</subfield>
    <subfield code="v">Introductions.</subfield>
  </datafield>
  <datafield tag="630" ind1="0" ind2="0">
    <subfield code="a">Bible</subfield>
    <subfield code="v">Miscellanea.</subfield>
  </datafield>
  <datafield tag="700" ind1="1" ind2=" ">
    <subfield code="a">Brighenti, Kenneth.</subfield>
  </datafield>
  <datafield tag="856" ind1="4" ind2="1">
    <subfield code="3">Table of contents only</subfield>
    <subfield code="u">http://www.loc.gov/catdir/toc/ecip0620/2006028136.html</subfield>
  </datafield>
  <datafield tag="963" ind1=" " ind2=" ">
    <subfield code="a">Casey Ebert; phone: 508-427-6759; fax: 508-427-6790; email: casey.ebert@adamsmedia.com; bc: casey.ebert@adamsmedia.com</subfield>
  </datafield>
</record>