
<record>
  <leader>02174cam a22003974a 4500</leader>
  <controlfield tag="001">14609843</controlfield>
  <controlfield tag="005">20200102083126.0</controlfield>
  <controlfield tag="008">061025m20019999gw       b    001 0 ger d</controlfield>
  <datafield tag="906" ind1=" " ind2=" ">
    <subfield code="a">7</subfield>
    <subfield code="b">cbc</subfield>
    <subfield code="c">copycat</subfield>
    <subfield code="d">2</subfield>
    <subfield code="e">ncip</subfield>
    <subfield code="f">20</subfield>
    <subfield code="g">y-gencatlg</subfield>
  </datafield>
  <datafield tag="925" ind1="0" ind2=" ">
    <subfield code="a">acquire</subfield>
    <subfield code="b">1 shelf copy</subfield>
    <subfield code="x">policy default</subfield>
  </datafield>
  <datafield tag="955" ind1=" " ind2=" ">
    <subfield code="a">of17 2006-10-25 z-processor to HLCD</subfield>
    <subfield code="i">ld20 2006-11-02</subfield>
    <subfield code="e">ld20 2006-11-02 to Dewey; 7/9 of04 2007-12-4 to HLCD;</subfield>
    <subfield code="c">ld17 2007-12-11 (v. 1, pt. 1 added)</subfield>
    <subfield code="e">ld17 2007-12-11 to BCCD, fd10 2015-11-30 v. 10 added</subfield>
    <subfield code="a">fd00 2015-12-02 to GS/GER</subfield>
    <subfield code="c">fd12 2015-12-03 (v. 10, pt. 1 added)</subfield>
    <subfield code="a">fd10 2019-12-17 v. 11 no. 1 2019-12-19 to GS/GER</subfield>
    <subfield code="v">fd12 2019-12-26 (v. 11, pt. 1 added)</subfield>
  </datafield>
  <datafield tag="010" ind1=" " ind2=" ">
    <subfield code="a">  2006499671</subfield>
  </datafield>
  <datafield tag="020" ind1=" " ind2=" ">
    <subfield code="a">9783892449355 (v. 1, pt. 1)</subfield>
    <subfield code="z">978389244935X</subfield>
  </datafield>
  <datafield tag="020" ind1=" " ind2=" ">
    <subfield code="a">389244451X (v. 1/2)</subfield>
  </datafield>
  <datafield tag="020" ind1=" " ind2=" ">
    <subfield code="a">3892446067 (v. 3/4)</subfield>
  </datafield>
  <datafield tag="020" ind1=" " ind2=" ">
    <subfield code="a">3892446768 (v. 5/6)</subfield>
  </datafield>
  <datafield tag="020" ind1=" " ind2=" ">
    <subfield code="a">9783835313880 (v. 10, pt. 1 : hd. bd.</subfield>
  </datafield>
  <datafield tag="020" ind1=" " ind2=" ">
    <subfield code="a">9783835330740 (v. 11, pt. 1 : hd. bd.</subfield>
  </datafield>
  <datafield tag="040" ind1=" " ind2=" ">
    <subfield code="a">TJC</subfield>
    <subfield code="c">TJC</subfield>
    <subfield code="d">WAU</subfield>
    <subfield code="d">IAY</subfield>
    <subfield code="d">NLGGC</subfield>
    <subfield code="d">DLC</subfield>
  </datafield>
  <datafield tag="050" ind1="0" ind2="0">
    <subfield code="a">PT2459</subfield>
    <subfield code="b">.A15 2001</subfield>
  </datafield>
  <datafield tag="084" ind1=" " ind2=" ">
    <subfield code="a">18.09</subfield>
    <subfield code="2">bcl</subfield>
  </datafield>
  <datafield tag="100" ind1="1" ind2=" ">
    <subfield code="a">Rückert, Friedrich,</subfield>
    <subfield code="d">1788-1866.</subfield>
  </datafield>
  <datafield tag="245" ind1="1" ind2="0">
    <subfield code="a">Liedertagebuch  /</subfield>
    <subfield code="c">bearbeitet von Rudolf Kreutner und Hans Wollschläger.</subfield>
  </datafield>
  <datafield tag="250" ind1=" " ind2=" ">
    <subfield code="a">1. Aufl.</subfield>
  </datafield>
  <datafield tag="260" ind1=" " ind2=" ">
    <subfield code="a">Göttingen :</subfield>
    <subfield code="b">Wallstein,</subfield>
    <subfield code="c">2001-&lt;c2019&gt;</subfield>
  </datafield>
  <datafield tag="300" ind1=" " ind2=" ">
    <subfield code="a">&lt;v. 1, pt. 1-2; 3, pt. 4; 5, pt. 6; 10, pt. 1; 11 pt. 1&gt; ;</subfield>
    <subfield code="c">20 cm.</subfield>
  </datafield>
  <datafield tag="490" ind1="1" ind2=" ">
    <subfield code="a">Friedrich Rückerts Werke. Historisch-kritische Ausgabe &quot;Schweinfurter Edition&quot;</subfield>
  </datafield>
  <datafield tag="500" ind1=" " ind2=" ">
    <subfield code="a">Includes correspondence, 1846-&lt;1856&gt;.</subfield>
  </datafield>
  <datafield tag="504" ind1=" " ind2=" ">
    <subfield code="a">Includes bibliographical references and indexes.</subfield>
  </datafield>
  <datafield tag="505" ind1="1" ind2=" ">
    <subfield code="a">1. Bd. Werke der Jahre 1852-1854 (pt. &lt;1&gt;) -- [1/2]. Werke der Jahre 1846-1847 (v .&lt;1&gt;) -- [3/4]. 1848-1849 -- [5/6]. Werke der Jahre 1850-1851 (v. &lt;1&gt;) -- [10] Werke der Jahre 1855 (v. &lt; pt. 1&gt; -- [11]  Werke der Jahre 1856 (v. &lt; pt. 1&gt; --</subfield>
  </datafield>
  <datafield tag="600" ind1="1" ind2="0">
    <subfield code="a">Rückert, Friedrich,</subfield>
    <subfield code="d">1788-1866</subfield>
    <subfield code="v">Correspondence.</subfield>
  </datafield>
  <datafield tag="700" ind1="1" ind2=" ">
    <subfield code="a">Kreutner, Rudolf.</subfield>
  </datafield>
  <datafield tag="700" ind1="1" ind2=" ">
    <subfield code="a">Wollschläger, Hans,</subfield>
    <subfield code="d">1935-2007.</subfield>
  </datafield>
  <datafield tag="800" ind1="1" ind2=" ">
    <subfield code="a">Rückert, Friedrich,</subfield>
    <subfield code="d">1788-1866.</subfield>
    <subfield code="t">Works.</subfield>
    <subfield code="f">1998.</subfield>
  </datafield>
  <datafield tag="923" ind1=" " ind2=" ">
    <subfield code="d">2006-09-218</subfield>
    <subfield code="n">03691541</subfield>
    <subfield code="s">93001286</subfield>
  </datafield>
  <datafield tag="952" ind1=" " ind2=" ">
    <subfield code="a">Bracketed vol. designations in 505 from jkt. spines. Vol. designated 1855 has X on spine of jkt.</subfield>
  </datafield>
</record>