
<record>
  <leader>01856cam a2200433 a 4500</leader>
  <controlfield tag="001">14681750</controlfield>
  <controlfield tag="005">20200102075305.0</controlfield>
  <controlfield tag="008">061227s2002    ch            000 0 chi d</controlfield>
  <datafield tag="906" ind1=" " ind2=" ">
    <subfield code="a">7</subfield>
    <subfield code="b">cbc</subfield>
    <subfield code="c">copycat</subfield>
    <subfield code="d">3</subfield>
    <subfield code="e">ncip</subfield>
    <subfield code="f">20</subfield>
    <subfield code="g">y-rlinjack</subfield>
  </datafield>
  <datafield tag="925" ind1="0" ind2=" ">
    <subfield code="a">acquire</subfield>
    <subfield code="b">1 shelf copy</subfield>
    <subfield code="x">policy default</subfield>
  </datafield>
  <datafield tag="955" ind1=" " ind2=" ">
    <subfield code="a">mc01 2006-12-27 to RCCD</subfield>
    <subfield code="i">yc05 2008-06-27</subfield>
    <subfield code="e">yc05 2008-06-27 to BCCD</subfield>
  </datafield>
  <datafield tag="010" ind1=" " ind2=" ">
    <subfield code="a">  2006476862</subfield>
  </datafield>
  <datafield tag="020" ind1=" " ind2=" ">
    <subfield code="a">9574570657</subfield>
  </datafield>
  <datafield tag="035" ind1=" " ind2=" ">
    <subfield code="a">(CStRLIN)DCLP06-B24971</subfield>
  </datafield>
  <datafield tag="040" ind1=" " ind2=" ">
    <subfield code="a">GyMB-A</subfield>
    <subfield code="c">GyMB-A</subfield>
    <subfield code="d">CSt</subfield>
    <subfield code="d">DLC-R</subfield>
    <subfield code="d">DLC</subfield>
  </datafield>
  <datafield tag="042" ind1=" " ind2=" ">
    <subfield code="a">lccopycat</subfield>
  </datafield>
  <datafield tag="050" ind1="0" ind2="0">
    <subfield code="a">BQ1029.C62</subfield>
    <subfield code="b">W824 2002</subfield>
  </datafield>
  <datafield tag="066" ind1=" " ind2=" ">
    <subfield code="c">$1</subfield>
  </datafield>
  <datafield tag="100" ind1="1" ind2=" ">
    <subfield code="6">880-01</subfield>
    <subfield code="a">Wu, Haiyong,</subfield>
    <subfield code="d">1970-</subfield>
  </datafield>
  <datafield tag="880" ind1="1" ind2=" ">
    <subfield code="6">100-01/$1</subfield>
    <subfield code="a">吳海勇,</subfield>
    <subfield code="d">1970-</subfield>
  </datafield>
  <datafield tag="245" ind1="1" ind2="0">
    <subfield code="6">880-02</subfield>
    <subfield code="a">Zhong gu Han yi fo jing xu shi wen xue yan jiu /</subfield>
    <subfield code="c">[zuo zhe Wu Haiyong].</subfield>
  </datafield>
  <datafield tag="880" ind1="1" ind2="0">
    <subfield code="6">245-02/$1</subfield>
    <subfield code="a">中古漢譯佛經敘事文學硏究  /</subfield>
    <subfield code="c">[作者吳海勇].</subfield>
  </datafield>
  <datafield tag="260" ind1=" " ind2=" ">
    <subfield code="6">880-03</subfield>
    <subfield code="a">Gaoxiong Xian Dashu Xiang :</subfield>
    <subfield code="b">Fo guang shan wen jiao ji jin hui,</subfield>
    <subfield code="c">2001.</subfield>
  </datafield>
  <datafield tag="880" ind1=" " ind2=" ">
    <subfield code="6">260-03/$1</subfield>
    <subfield code="a">高雄縣大樹鄉  :</subfield>
    <subfield code="b">佛光山文敎基金會,</subfield>
    <subfield code="c">2001.</subfield>
  </datafield>
  <datafield tag="300" ind1=" " ind2=" ">
    <subfield code="a">4, 1, 1, 549 p. ;</subfield>
    <subfield code="c">24 cm.</subfield>
  </datafield>
  <datafield tag="440" ind1=" " ind2="0">
    <subfield code="6">880-04</subfield>
    <subfield code="a">&quot;Fa zang wen ku&quot; shuo bo shi xue wei lun wen</subfield>
  </datafield>
  <datafield tag="880" ind1=" " ind2="0">
    <subfield code="6">440-04/$1</subfield>
    <subfield code="a">法藏文庫碩博士學位論文</subfield>
  </datafield>
  <datafield tag="440" ind1=" " ind2="0">
    <subfield code="6">880-05</subfield>
    <subfield code="a">Zhongguo fo jiao xue shu lun dian ;</subfield>
    <subfield code="v">60</subfield>
  </datafield>
  <datafield tag="880" ind1=" " ind2="0">
    <subfield code="6">440-05/$1</subfield>
    <subfield code="a">中國佛敎學術論典 ;</subfield>
    <subfield code="v">60</subfield>
  </datafield>
  <datafield tag="504" ind1=" " ind2=" ">
    <subfield code="a">Includes bibliographical references (p. 535-549)</subfield>
  </datafield>
  <datafield tag="502" ind1=" " ind2=" ">
    <subfield code="6">880-07</subfield>
    <subfield code="a">Thesis (Ph.D.)--Fu dan da xue, 1999.</subfield>
  </datafield>
  <datafield tag="880" ind1=" " ind2=" ">
    <subfield code="6">502-07/$1</subfield>
    <subfield code="a">論文 (博士)--復旦大學, 1999.</subfield>
  </datafield>
  <datafield tag="650" ind1=" " ind2="0">
    <subfield code="a">Buddhist literature</subfield>
    <subfield code="x">Translations into Chinese</subfield>
    <subfield code="x">History and criticism.</subfield>
  </datafield>
  <datafield tag="650" ind1=" " ind2="0">
    <subfield code="a">Buddhist literature, Chinese</subfield>
    <subfield code="x">History and criticism.</subfield>
  </datafield>
  <datafield tag="650" ind1=" " ind2="0">
    <subfield code="a">Buddhism and literature</subfield>
    <subfield code="z">China.</subfield>
  </datafield>
  <datafield tag="630" ind1="0" ind2="0">
    <subfield code="6">880-05</subfield>
    <subfield code="a">Da zang jing</subfield>
    <subfield code="x">Criticism, Narrative.</subfield>
  </datafield>
  <datafield tag="880" ind1="0" ind2="2">
    <subfield code="6">630-05/$1</subfield>
    <subfield code="a">大藏经</subfield>
    <subfield code="x">Criticism, Narrative.</subfield>
  </datafield>
  <datafield tag="923" ind1=" " ind2=" ">
    <subfield code="s">SMC</subfield>
  </datafield>
  <datafield tag="985" ind1=" " ind2=" ">
    <subfield code="a">spacingreload</subfield>
  </datafield>
</record>