
<record>
  <leader>02660cjm a22005657a 4500</leader>
  <controlfield tag="001">14689298</controlfield>
  <controlfield tag="005">20200102172541.0</controlfield>
  <controlfield tag="007">sd fsngnnmmned</controlfield>
  <controlfield tag="007">sd fqngnnmmned</controlfield>
  <controlfield tag="008">070109p20062005gw mon|  defhi    | lat d</controlfield>
  <datafield tag="906" ind1=" " ind2=" ">
    <subfield code="a">7</subfield>
    <subfield code="b">cbc</subfield>
    <subfield code="c">copycat</subfield>
    <subfield code="d">2</subfield>
    <subfield code="e">ncip</subfield>
    <subfield code="f">20</subfield>
    <subfield code="g">y-soundrec</subfield>
  </datafield>
  <datafield tag="925" ind1="0" ind2=" ">
    <subfield code="a">acquire</subfield>
    <subfield code="b">2 shelf copies</subfield>
    <subfield code="x">policy default</subfield>
  </datafield>
  <datafield tag="955" ind1=" " ind2=" ">
    <subfield code="a">nh22 2006-07-17 to SMCD</subfield>
    <subfield code="a">qr12 2014-02-11 z-client</subfield>
    <subfield code="i">qr12 2014-02-11</subfield>
  </datafield>
  <datafield tag="010" ind1=" " ind2=" ">
    <subfield code="a">  2013629279</subfield>
  </datafield>
  <datafield tag="024" ind1="1" ind2=" ">
    <subfield code="a">761203715824</subfield>
  </datafield>
  <datafield tag="028" ind1="0" ind2="2">
    <subfield code="a">cpo 777 158-2</subfield>
    <subfield code="b">CPO</subfield>
  </datafield>
  <datafield tag="028" ind1="0" ind2="0">
    <subfield code="a">777 158-2</subfield>
    <subfield code="b">CPO</subfield>
  </datafield>
  <datafield tag="033" ind1="0" ind2=" ">
    <subfield code="a">200506--</subfield>
    <subfield code="b">6044</subfield>
    <subfield code="c">B3</subfield>
  </datafield>
  <datafield tag="035" ind1=" " ind2=" ">
    <subfield code="a">(OCoLC)ocm73176224</subfield>
  </datafield>
  <datafield tag="040" ind1=" " ind2=" ">
    <subfield code="a">CIN</subfield>
    <subfield code="c">CIN</subfield>
    <subfield code="d">CIN</subfield>
    <subfield code="d">BTCTA</subfield>
    <subfield code="d">OBE</subfield>
    <subfield code="d">OCLCG</subfield>
    <subfield code="d">OCLCQ</subfield>
    <subfield code="d">OCLCF</subfield>
    <subfield code="d">DLC</subfield>
  </datafield>
  <datafield tag="041" ind1="0" ind2=" ">
    <subfield code="d">lat</subfield>
    <subfield code="d">ger</subfield>
    <subfield code="e">lat</subfield>
    <subfield code="e">ger</subfield>
    <subfield code="e">eng</subfield>
    <subfield code="n">lat</subfield>
    <subfield code="n">ger</subfield>
    <subfield code="g">eng</subfield>
    <subfield code="g">fre</subfield>
    <subfield code="g">ger</subfield>
  </datafield>
  <datafield tag="042" ind1=" " ind2=" ">
    <subfield code="a">lccopycat</subfield>
  </datafield>
  <datafield tag="050" ind1="0" ind2="0">
    <subfield code="a">SDC 33187</subfield>
  </datafield>
  <datafield tag="100" ind1="1" ind2=" ">
    <subfield code="a">Graun, Karl Heinrich,</subfield>
    <subfield code="d">1704-1759.</subfield>
  </datafield>
  <datafield tag="240" ind1="1" ind2="0">
    <subfield code="a">Vocal music.</subfield>
    <subfield code="k">Selections</subfield>
  </datafield>
  <datafield tag="245" ind1="1" ind2="0">
    <subfield code="a">Te Deum</subfield>
    <subfield code="h">[sound recording] ;</subfield>
    <subfield code="b">Motets /</subfield>
    <subfield code="c">Carl Heinrich Graun.</subfield>
  </datafield>
  <datafield tag="260" ind1=" " ind2=" ">
    <subfield code="a">Georgsmarienhütte :</subfield>
    <subfield code="b">CPO,</subfield>
    <subfield code="c">p2006.</subfield>
  </datafield>
  <datafield tag="300" ind1=" " ind2=" ">
    <subfield code="a">1 sound disc :</subfield>
    <subfield code="b">digital, stereo., SACD ;</subfield>
    <subfield code="c">4 3/4 in.</subfield>
  </datafield>
  <datafield tag="306" ind1=" " ind2=" ">
    <subfield code="a">004500</subfield>
    <subfield code="a">000230</subfield>
    <subfield code="a">000251</subfield>
    <subfield code="a">000856</subfield>
  </datafield>
  <datafield tag="546" ind1=" " ind2=" ">
    <subfield code="a">Sung in Latin (1st work) or German.</subfield>
  </datafield>
  <datafield tag="511" ind1="0" ind2=" ">
    <subfield code="a">Monika Mauch, soprano ; Elisabeth von Magnus, mezzo-soprano ; Bernhard Gärtner, tenor ; Klaus Mertens, bass ; Basler Madrigalisten ; L&apos;arpa festante ; Fritz Näf, conductor.</subfield>
  </datafield>
  <datafield tag="518" ind1=" " ind2=" ">
    <subfield code="a">Recorded June 2005, Martinskirche, Basel.</subfield>
  </datafield>
  <datafield tag="500" ind1=" " ind2=" ">
    <subfield code="a">Super audio compact disc.</subfield>
  </datafield>
  <datafield tag="500" ind1=" " ind2=" ">
    <subfield code="a">Program notes in English, French, and German, and vocal texts with English and German translations (32 p. : ports.) inserted in container.</subfield>
  </datafield>
  <datafield tag="505" ind1="0" ind2=" ">
    <subfield code="a">Te Deum : for soloists, chorus &amp; orchestra (45:00) -- Three motets for chorus &amp; B.c. Herr, ich habe lieb die Stätte deines Hauses (2:30) -- Lasset uns freuen und fröhlich sein (2:51) -- Machet dir Tore weit (8:56).</subfield>
  </datafield>
  <datafield tag="650" ind1=" " ind2="0">
    <subfield code="a">Choruses, Sacred (Mixed voices) with orchestra.</subfield>
  </datafield>
  <datafield tag="650" ind1=" " ind2="0">
    <subfield code="a">Te Deum laudamus (Music)</subfield>
  </datafield>
  <datafield tag="650" ind1=" " ind2="0">
    <subfield code="a">Choruses, Sacred (Mixed voices) with continuo.</subfield>
  </datafield>
  <datafield tag="650" ind1=" " ind2="0">
    <subfield code="a">Motets.</subfield>
  </datafield>
  <datafield tag="700" ind1="1" ind2=" ">
    <subfield code="a">Mauch, Monika.</subfield>
    <subfield code="4">voc</subfield>
  </datafield>
  <datafield tag="700" ind1="1" ind2=" ">
    <subfield code="a">Magnus, Elisabeth von,</subfield>
    <subfield code="d">1954-</subfield>
    <subfield code="4">voc</subfield>
  </datafield>
  <datafield tag="700" ind1="1" ind2=" ">
    <subfield code="a">Gärtner, Bernhard.</subfield>
    <subfield code="4">voc</subfield>
  </datafield>
  <datafield tag="700" ind1="1" ind2=" ">
    <subfield code="a">Mertens, Klaus,</subfield>
    <subfield code="d">1949-</subfield>
    <subfield code="4">voc</subfield>
  </datafield>
  <datafield tag="700" ind1="1" ind2=" ">
    <subfield code="a">Näf, Fritz,</subfield>
    <subfield code="d">1943-</subfield>
    <subfield code="4">cnd</subfield>
  </datafield>
  <datafield tag="700" ind1="1" ind2="2">
    <subfield code="a">Graun, Karl Heinrich,</subfield>
    <subfield code="d">1704-1759.</subfield>
    <subfield code="t">Te Deum laudamus.</subfield>
  </datafield>
  <datafield tag="700" ind1="1" ind2="2">
    <subfield code="a">Graun, Karl Heinrich,</subfield>
    <subfield code="d">1704-1759.</subfield>
    <subfield code="t">Herr, ich habe lieb die Stätte deines Hauses.</subfield>
  </datafield>
  <datafield tag="700" ind1="1" ind2="2">
    <subfield code="a">Graun, Karl Heinrich,</subfield>
    <subfield code="d">1704-1759.</subfield>
    <subfield code="t">Lasset uns freuen und fröhlich sein.</subfield>
  </datafield>
  <datafield tag="700" ind1="1" ind2="2">
    <subfield code="a">Graun, Karl Heinrich,</subfield>
    <subfield code="d">1704-1759.</subfield>
    <subfield code="t">Machet die Tore weit.</subfield>
  </datafield>
  <datafield tag="710" ind1="2" ind2=" ">
    <subfield code="a">Basler Madrigalisten.</subfield>
    <subfield code="4">prf</subfield>
  </datafield>
  <datafield tag="710" ind1="2" ind2=" ">
    <subfield code="a">Arpa festante (Musical group)</subfield>
    <subfield code="4">prf</subfield>
  </datafield>
</record>