
<record>
  <leader>02707cjm a2200469 a 4500</leader>
  <controlfield tag="001">14698546</controlfield>
  <controlfield tag="005">20200102170310.0</controlfield>
  <controlfield tag="007">sd fsngnnmmneu</controlfield>
  <controlfield tag="008">070116s2005    enkzzn|  dfi      | swe d</controlfield>
  <datafield tag="906" ind1=" " ind2=" ">
    <subfield code="a">7</subfield>
    <subfield code="b">cbc</subfield>
    <subfield code="c">copycat</subfield>
    <subfield code="d">2</subfield>
    <subfield code="e">ncip</subfield>
    <subfield code="f">20</subfield>
    <subfield code="g">y-genmusic</subfield>
  </datafield>
  <datafield tag="925" ind1="0" ind2=" ">
    <subfield code="a">acquire</subfield>
    <subfield code="b">2 shelf copies</subfield>
    <subfield code="x">policy default</subfield>
  </datafield>
  <datafield tag="955" ind1=" " ind2=" ">
    <subfield code="a">vl34 2008-09-03 z-client</subfield>
    <subfield code="i">vl34 2008-09-03</subfield>
    <subfield code="e">vk79 2008-11-19 to MRBS for shelf label</subfield>
  </datafield>
  <datafield tag="955" ind1=" " ind2=" ">
    <subfield code="a">nh24 2007-01-22  to SMCD</subfield>
  </datafield>
  <datafield tag="010" ind1=" " ind2=" ">
    <subfield code="a">  2008580523</subfield>
  </datafield>
  <datafield tag="024" ind1="1" ind2=" ">
    <subfield code="a">733234750105</subfield>
  </datafield>
  <datafield tag="028" ind1="0" ind2="2">
    <subfield code="a">ALT 1010</subfield>
    <subfield code="b">Altara</subfield>
  </datafield>
  <datafield tag="035" ind1=" " ind2=" ">
    <subfield code="a">(OCoLC)ocn133104139</subfield>
  </datafield>
  <datafield tag="035" ind1=" " ind2=" ">
    <subfield code="a">(OCoLC)133104139</subfield>
    <subfield code="z">(OCoLC)149805632</subfield>
  </datafield>
  <datafield tag="040" ind1=" " ind2=" ">
    <subfield code="a">RCE</subfield>
    <subfield code="c">RCE</subfield>
    <subfield code="d">BTCTA</subfield>
    <subfield code="d">DLC</subfield>
  </datafield>
  <datafield tag="041" ind1="0" ind2=" ">
    <subfield code="d">swe</subfield>
    <subfield code="d">eng</subfield>
    <subfield code="d">ger</subfield>
    <subfield code="e">swe</subfield>
    <subfield code="e">eng</subfield>
    <subfield code="e">ger</subfield>
    <subfield code="g">eng</subfield>
    <subfield code="g">fre</subfield>
    <subfield code="g">ger</subfield>
  </datafield>
  <datafield tag="042" ind1=" " ind2=" ">
    <subfield code="a">lccopycat</subfield>
  </datafield>
  <datafield tag="050" ind1="0" ind2="0">
    <subfield code="a">SDB 77032</subfield>
  </datafield>
  <datafield tag="100" ind1="1" ind2=" ">
    <subfield code="a">Hendricks, Barbara.</subfield>
    <subfield code="4">voc</subfield>
  </datafield>
  <datafield tag="245" ind1="1" ind2="0">
    <subfield code="a">No borders</subfield>
    <subfield code="h">[sound recording].</subfield>
  </datafield>
  <datafield tag="260" ind1=" " ind2=" ">
    <subfield code="a">[London] :</subfield>
    <subfield code="b">Altara,</subfield>
    <subfield code="c">p2005.</subfield>
  </datafield>
  <datafield tag="300" ind1=" " ind2=" ">
    <subfield code="a">1 sound disc (58 min., 15 sec.) :</subfield>
    <subfield code="b">digital ;</subfield>
    <subfield code="c">4 3/4 in.</subfield>
  </datafield>
  <datafield tag="546" ind1=" " ind2=" ">
    <subfield code="a">Works sung variously in Swedish, English, and German.</subfield>
  </datafield>
  <datafield tag="511" ind1="0" ind2=" ">
    <subfield code="a">Barbara Hendricks, soprano (in the 7th-9th and 11th-16th works) ; Gustaf Sjökvist Chamber Choir ; Gustaf Sjökvist, conductor.</subfield>
  </datafield>
  <datafield tag="518" ind1=" " ind2=" ">
    <subfield code="a">Recorded Sept. 2005, Nybrokajen, Stockholm.</subfield>
  </datafield>
  <datafield tag="500" ind1=" " ind2=" ">
    <subfield code="a">Includes program notes and performers&apos; biographies in English, French, and German and Swedish, English, and German words printed as texts in booklet ([17] p.) inserted in container.</subfield>
  </datafield>
  <datafield tag="505" ind1="0" ind2=" ">
    <subfield code="a">Warum ist das Licht gegeben (10:44) ; O Heiland (5:23) / Johannes Brahms -- Agnus Dei / Samuel Barber ( 6:45) -- Aftonpsalm (2:35) ; Botgörarpsalm (2:00) ; Kärleksvisa (1:36) / Jan Carlstedt -- Limu, limu lima / Hugo Alfvén (1:16) -- Allt under himmelens fäste / arr. Nils Lindberg (2:37) -- Som stjärnan uppå himmelen / H. Alfvén (2:15) -- Den signade dag / arr. N. Lindberg (3:01) -- Somebody&apos;s knocking (2:11) -- Too late (3:58) -- Hold on (2:31) -- Nobody knows (4:03) -- Were you there (4:31) -- Ain&apos;t got time (2:48).</subfield>
  </datafield>
  <datafield tag="650" ind1=" " ind2="0">
    <subfield code="a">Choruses, Sacred (Mixed voices), Unaccompanied.</subfield>
  </datafield>
  <datafield tag="650" ind1=" " ind2="0">
    <subfield code="a">Choruses, Secular (Mixed voices), Unaccompanied.</subfield>
  </datafield>
  <datafield tag="650" ind1=" " ind2="0">
    <subfield code="a">Spirituals (Songs)</subfield>
  </datafield>
  <datafield tag="700" ind1="1" ind2=" ">
    <subfield code="a">Sjökvist, Gustaf,</subfield>
    <subfield code="d">1943-2015.</subfield>
    <subfield code="4">cnd</subfield>
  </datafield>
  <datafield tag="700" ind1="1" ind2="2">
    <subfield code="a">Brahms, Johannes,</subfield>
    <subfield code="d">1833-1897.</subfield>
    <subfield code="t">Motets,</subfield>
    <subfield code="m">mixed voices,</subfield>
    <subfield code="n">op. 74.</subfield>
    <subfield code="p">Warum ist das Licht.</subfield>
  </datafield>
  <datafield tag="700" ind1="1" ind2="2">
    <subfield code="a">Brahms, Johannes,</subfield>
    <subfield code="d">1833-1897.</subfield>
    <subfield code="t">Motets,</subfield>
    <subfield code="m">mixed voices,</subfield>
    <subfield code="n">op. 74.</subfield>
    <subfield code="p">O Heiland, reiss die Himmel auf.</subfield>
  </datafield>
  <datafield tag="700" ind1="1" ind2="2">
    <subfield code="a">Barber, Samuel,</subfield>
    <subfield code="d">1910-1981.</subfield>
    <subfield code="t">Agnus Dei.</subfield>
  </datafield>
  <datafield tag="700" ind1="1" ind2="2">
    <subfield code="a">Carlstedt, Jan.</subfield>
    <subfield code="t">Choral music.</subfield>
    <subfield code="k">Selections.</subfield>
  </datafield>
  <datafield tag="700" ind1="1" ind2="2">
    <subfield code="a">Alfvén, Hugo,</subfield>
    <subfield code="d">1872-1960.</subfield>
    <subfield code="t">Limu, limu, lima.</subfield>
  </datafield>
  <datafield tag="700" ind1="1" ind2="2">
    <subfield code="a">Alfvén, Hugo,</subfield>
    <subfield code="d">1872-1960.</subfield>
    <subfield code="t">Som stjärnan uppå himmelen.</subfield>
  </datafield>
  <datafield tag="710" ind1="2" ind2=" ">
    <subfield code="a">Gustaf Sjökvist kammarkör.</subfield>
    <subfield code="4">prf</subfield>
  </datafield>
</record>