
<record>
  <leader>04486cjm a2200769 a 4500</leader>
  <controlfield tag="001">14700147</controlfield>
  <controlfield tag="005">20200102172602.0</controlfield>
  <controlfield tag="007">sd fsngnnmmneu</controlfield>
  <controlfield tag="008">070117s1993    sz mun|  di       | zxx d</controlfield>
  <datafield tag="906" ind1=" " ind2=" ">
    <subfield code="a">7</subfield>
    <subfield code="b">cbc</subfield>
    <subfield code="c">copycat</subfield>
    <subfield code="d">2</subfield>
    <subfield code="e">ncip</subfield>
    <subfield code="f">20</subfield>
    <subfield code="g">y-genmusic</subfield>
  </datafield>
  <datafield tag="925" ind1="0" ind2=" ">
    <subfield code="a">acquire</subfield>
    <subfield code="b">2 shelf copies</subfield>
    <subfield code="x">policy default</subfield>
  </datafield>
  <datafield tag="955" ind1=" " ind2=" ">
    <subfield code="a">vl34 2008-09-02 z-client</subfield>
    <subfield code="i">vl34 2008-09-02</subfield>
    <subfield code="i">vl26 2008-10-28</subfield>
    <subfield code="e">vl26 2008-10-28 to MBRS for shelf label</subfield>
  </datafield>
  <datafield tag="955" ind1=" " ind2=" ">
    <subfield code="a">nh01 2007-01-17 to SMCD</subfield>
  </datafield>
  <datafield tag="010" ind1=" " ind2=" ">
    <subfield code="a">  2008580511</subfield>
  </datafield>
  <datafield tag="024" ind1="3" ind2=" ">
    <subfield code="a">7619930308815</subfield>
  </datafield>
  <datafield tag="028" ind1="0" ind2="2">
    <subfield code="a">VEL 1030</subfield>
    <subfield code="b">Cascavelle</subfield>
  </datafield>
  <datafield tag="033" ind1="1" ind2="0">
    <subfield code="a">199301--</subfield>
    <subfield code="a">199306--</subfield>
    <subfield code="b">6044</subfield>
    <subfield code="c">L4</subfield>
  </datafield>
  <datafield tag="035" ind1=" " ind2=" ">
    <subfield code="a">(OCoLC)ocm34417484</subfield>
  </datafield>
  <datafield tag="035" ind1=" " ind2=" ">
    <subfield code="a">(OCoLC)34417484</subfield>
  </datafield>
  <datafield tag="040" ind1=" " ind2=" ">
    <subfield code="a">OBE</subfield>
    <subfield code="c">OBE</subfield>
    <subfield code="d">OCL</subfield>
    <subfield code="d">OCLCQ</subfield>
    <subfield code="d">OCLCG</subfield>
    <subfield code="d">DLC</subfield>
  </datafield>
  <datafield tag="041" ind1="0" ind2=" ">
    <subfield code="d">lat</subfield>
    <subfield code="e">lat</subfield>
    <subfield code="e">eng</subfield>
    <subfield code="e">fre</subfield>
    <subfield code="e">ger</subfield>
    <subfield code="h">lat</subfield>
    <subfield code="g">eng</subfield>
    <subfield code="g">fre</subfield>
    <subfield code="g">ger</subfield>
  </datafield>
  <datafield tag="042" ind1=" " ind2=" ">
    <subfield code="a">lccopycat</subfield>
  </datafield>
  <datafield tag="047" ind1=" " ind2=" ">
    <subfield code="a">mo</subfield>
    <subfield code="a">an</subfield>
    <subfield code="a">cc</subfield>
  </datafield>
  <datafield tag="050" ind1="0" ind2="0">
    <subfield code="a">SDB 78437</subfield>
  </datafield>
  <datafield tag="100" ind1="1" ind2=" ">
    <subfield code="a">Charpentier, Marc-Antoine,</subfield>
    <subfield code="d">1643-1704.</subfield>
  </datafield>
  <datafield tag="240" ind1="1" ind2="0">
    <subfield code="a">Works.</subfield>
    <subfield code="k">Selections</subfield>
  </datafield>
  <datafield tag="245" ind1="1" ind2="0">
    <subfield code="a">Vepres aux Jesuites</subfield>
    <subfield code="h">[sound recording] =</subfield>
    <subfield code="b">Jesuitenvesper = Jesuit vespers /</subfield>
    <subfield code="c">Marc-Antoine Charpentier.</subfield>
  </datafield>
  <datafield tag="246" ind1="1" ind2="3">
    <subfield code="a">Jesuitenvesper</subfield>
  </datafield>
  <datafield tag="246" ind1="1" ind2="3">
    <subfield code="a">Jesuit vespers</subfield>
  </datafield>
  <datafield tag="260" ind1=" " ind2=" ">
    <subfield code="a">Switzerland :</subfield>
    <subfield code="b">Cascavelle,</subfield>
    <subfield code="c">p1993.</subfield>
  </datafield>
  <datafield tag="300" ind1=" " ind2=" ">
    <subfield code="a">2 sound discs :</subfield>
    <subfield code="b">digital ;</subfield>
    <subfield code="c">4 3/4 in.</subfield>
  </datafield>
  <datafield tag="490" ind1="0" ind2=" ">
    <subfield code="a">Corboz edition ;</subfield>
    <subfield code="v">v. 2</subfield>
  </datafield>
  <datafield tag="500" ind1=" " ind2=" ">
    <subfield code="a">Service of Vespers to the Virgin, reconstructed from &quot;pieces composed by Charpentier during his Jesuit period&quot;--Program notes.</subfield>
  </datafield>
  <datafield tag="546" ind1=" " ind2=" ">
    <subfield code="a">Vocal works sung in Latin.</subfield>
  </datafield>
  <datafield tag="511" ind1="0" ind2=" ">
    <subfield code="a">Magali Dami, Natacha Ducret, sopranos ; Charles Daniels, countertenor ; Mark Tucker, Hans-Jürg Rickenbacher, tenors ; Peter Harvey, Stephan Imboden, basses ; Ensemble vocal de Lausanne ; Orchestre baroque L&apos;Arpa Festante ; Michel Corboz, conductor.</subfield>
  </datafield>
  <datafield tag="518" ind1=" " ind2=" ">
    <subfield code="a">Recorded Jan. and June 1993, Studio Desarzens, Radio Lausanne, Switzerland.</subfield>
  </datafield>
  <datafield tag="500" ind1=" " ind2=" ">
    <subfield code="a">Compact discs.</subfield>
  </datafield>
  <datafield tag="500" ind1=" " ind2=" ">
    <subfield code="a">Program notes in English, French, and German, and texts with English, French, and German translations (35 p. : port.) laid in container.</subfield>
  </datafield>
  <datafield tag="505" ind1="0" ind2=" ">
    <subfield code="a">Ouverture pour orchestre, H. 536 en sol min. (3:20) -- Dixit Dominus : pour solistes, choeur et orchestre, H. 204 en ré min. (10:30) -- Sancti Dei : pour basse seul, H. 361 en la maj. (3:45) -- Laudate pueri : pour solistes, choeur et orchestra, H. 203 + 203a en sol maj. (11:10) -- Confitebor in concilio : pour solistes, choeur et orchestre, H. 225 en si bémol maj. (15:07) -- Regina caeli : pour deux sopranos et instruments, H. 32 en si bémol maj. (2:15) -- Beatus vir : pour solistes, choeur et orchestre, H. 208 en fa maj. (18:14) -- Serve bone et fidelis : pour deux sopranos et instruments, H. 35 en la min. (2:07) -- Nisi Dominus : pour solistes, choeur et orchestre, H. 160 + 160a en do maj. (9:48) -- Ave maris stella : pour solistes, choeur et instruments, H. 67 en ré min. (7:51) -- Magnificat pour solistes, choeur et orchestre, H. 78 en sol maj. (14:53) -- Domine salvum : repons, plain-chant (1:37).</subfield>
  </datafield>
  <datafield tag="650" ind1=" " ind2="0">
    <subfield code="a">Vespers.</subfield>
  </datafield>
  <datafield tag="650" ind1=" " ind2="0">
    <subfield code="a">Overtures.</subfield>
  </datafield>
  <datafield tag="650" ind1=" " ind2="0">
    <subfield code="a">Psalms (Music)</subfield>
  </datafield>
  <datafield tag="650" ind1=" " ind2="0">
    <subfield code="a">Motets.</subfield>
  </datafield>
  <datafield tag="650" ind1=" " ind2="0">
    <subfield code="a">Antiphons (Music)</subfield>
  </datafield>
  <datafield tag="650" ind1=" " ind2="0">
    <subfield code="a">Magnificat (Music)</subfield>
  </datafield>
  <datafield tag="650" ind1=" " ind2="0">
    <subfield code="a">Gregorian chants.</subfield>
  </datafield>
  <datafield tag="700" ind1="1" ind2=" ">
    <subfield code="a">Dami, Magali.</subfield>
    <subfield code="4">voc</subfield>
  </datafield>
  <datafield tag="700" ind1="1" ind2=" ">
    <subfield code="a">Ducret, Natacha.</subfield>
    <subfield code="4">voc</subfield>
  </datafield>
  <datafield tag="700" ind1="1" ind2=" ">
    <subfield code="a">Daniels, Charles.</subfield>
    <subfield code="4">voc</subfield>
  </datafield>
  <datafield tag="700" ind1="1" ind2=" ">
    <subfield code="a">Tucker, Mark</subfield>
    <subfield code="c">(Tenor)</subfield>
    <subfield code="4">voc</subfield>
  </datafield>
  <datafield tag="700" ind1="1" ind2=" ">
    <subfield code="a">Rickenbacher, Hans-Jürg.</subfield>
    <subfield code="4">voc</subfield>
  </datafield>
  <datafield tag="700" ind1="1" ind2=" ">
    <subfield code="a">Harvey, Peter,</subfield>
    <subfield code="d">1958-</subfield>
    <subfield code="4">voc</subfield>
  </datafield>
  <datafield tag="700" ind1="1" ind2=" ">
    <subfield code="a">Imboden, Stephan.</subfield>
    <subfield code="4">voc</subfield>
  </datafield>
  <datafield tag="700" ind1="1" ind2=" ">
    <subfield code="a">Corboz, Michel.</subfield>
    <subfield code="4">cnd</subfield>
  </datafield>
  <datafield tag="700" ind1="1" ind2="2">
    <subfield code="a">Charpentier, Marc-Antoine,</subfield>
    <subfield code="d">1643-1704.</subfield>
    <subfield code="t">Ouverture pour le sacre d&apos;un evêque,</subfield>
    <subfield code="n">H. 536.</subfield>
  </datafield>
  <datafield tag="700" ind1="1" ind2="2">
    <subfield code="a">Charpentier, Marc-Antoine,</subfield>
    <subfield code="d">1643-1704.</subfield>
    <subfield code="t">Dixit Dominus,</subfield>
    <subfield code="n">H. 204.</subfield>
  </datafield>
  <datafield tag="700" ind1="1" ind2="2">
    <subfield code="a">Charpentier, Marc-Antoine,</subfield>
    <subfield code="d">1643-1704.</subfield>
    <subfield code="t">Sancti Dei per fidem,</subfield>
    <subfield code="n">H. 361.</subfield>
  </datafield>
  <datafield tag="700" ind1="1" ind2="2">
    <subfield code="a">Charpentier, Marc-Antoine,</subfield>
    <subfield code="d">1643-1704.</subfield>
    <subfield code="t">Laudate pueri,</subfield>
    <subfield code="n">H. 203.</subfield>
  </datafield>
  <datafield tag="700" ind1="1" ind2="2">
    <subfield code="a">Charpentier, Marc-Antoine,</subfield>
    <subfield code="d">1643-1704.</subfield>
    <subfield code="t">Confitebor tibi,</subfield>
    <subfield code="n">H. 225.</subfield>
  </datafield>
  <datafield tag="700" ind1="1" ind2="2">
    <subfield code="a">Charpentier, Marc-Antoine,</subfield>
    <subfield code="d">1643-1704.</subfield>
    <subfield code="t">Regina coeli laetare,</subfield>
    <subfield code="n">H. 32.</subfield>
  </datafield>
  <datafield tag="700" ind1="1" ind2="2">
    <subfield code="a">Charpentier, Marc-Antoine,</subfield>
    <subfield code="d">1643-1704.</subfield>
    <subfield code="t">Beatus vir qui timet Dominum,</subfield>
    <subfield code="n">H. 208.</subfield>
  </datafield>
  <datafield tag="700" ind1="1" ind2="2">
    <subfield code="a">Charpentier, Marc-Antoine,</subfield>
    <subfield code="d">1643-1704.</subfield>
    <subfield code="t">Serve bone et fidelis,</subfield>
    <subfield code="n">H. 35.</subfield>
  </datafield>
  <datafield tag="700" ind1="1" ind2="2">
    <subfield code="a">Charpentier, Marc-Antoine,</subfield>
    <subfield code="d">1643-1704.</subfield>
    <subfield code="t">Nisi Dominus,</subfield>
    <subfield code="n">H. 160.</subfield>
  </datafield>
  <datafield tag="700" ind1="1" ind2="2">
    <subfield code="a">Charpentier, Marc-Antoine,</subfield>
    <subfield code="d">1643-1704.</subfield>
    <subfield code="t">Ave maris stella,</subfield>
    <subfield code="n">H. 67.</subfield>
  </datafield>
  <datafield tag="700" ind1="1" ind2="2">
    <subfield code="a">Charpentier, Marc-Antoine,</subfield>
    <subfield code="d">1643-1704.</subfield>
    <subfield code="t">Magnificats,</subfield>
    <subfield code="n">H. 78,</subfield>
    <subfield code="r">G major.</subfield>
  </datafield>
  <datafield tag="710" ind1="2" ind2=" ">
    <subfield code="a">Ensemble vocal de Lausanne.</subfield>
    <subfield code="4">prf</subfield>
  </datafield>
  <datafield tag="710" ind1="2" ind2=" ">
    <subfield code="a">Arpa festante (Musical group)</subfield>
    <subfield code="4">prf</subfield>
  </datafield>
</record>