
<record>
  <leader>02442cas a2200553 a 4500</leader>
  <controlfield tag="001">14753444</controlfield>
  <controlfield tag="005">20200102075649.0</controlfield>
  <controlfield tag="006">m     o  d        </controlfield>
  <controlfield tag="007">cr un|||||||||</controlfield>
  <controlfield tag="008">050614c19849999nyubr pso     0   a0eng c</controlfield>
  <datafield tag="010" ind1=" " ind2=" ">
    <subfield code="a">  2007215107</subfield>
  </datafield>
  <datafield tag="016" ind1="7" ind2=" ">
    <subfield code="a">014053742</subfield>
    <subfield code="2">Uk</subfield>
  </datafield>
  <datafield tag="022" ind1="0" ind2=" ">
    <subfield code="a">1936-1351</subfield>
    <subfield code="y">1066-2316</subfield>
    <subfield code="2">1</subfield>
  </datafield>
  <datafield tag="030" ind1=" " ind2=" ">
    <subfield code="a">AJCJE4</subfield>
  </datafield>
  <datafield tag="035" ind1=" " ind2=" ">
    <subfield code="a">(OCoLC)ocm60618167 </subfield>
  </datafield>
  <datafield tag="037" ind1=" " ind2=" ">
    <subfield code="b">Springer New York, LLC, P.O. Box 2485, Secaucus, NJ 07094-2485</subfield>
  </datafield>
  <datafield tag="040" ind1=" " ind2=" ">
    <subfield code="a">OCLCS</subfield>
    <subfield code="b">eng</subfield>
    <subfield code="e">pn</subfield>
    <subfield code="c">OCLCS</subfield>
    <subfield code="d">NSD</subfield>
    <subfield code="d">TXU</subfield>
    <subfield code="d">OCLCQ</subfield>
    <subfield code="d">NSD</subfield>
    <subfield code="d">KSU</subfield>
    <subfield code="d">OCLCQ</subfield>
    <subfield code="d">OCLCF</subfield>
    <subfield code="d">OCLCO</subfield>
    <subfield code="d">GPM</subfield>
    <subfield code="d">VT2</subfield>
    <subfield code="d">OCLCQ</subfield>
    <subfield code="d">UKMGB</subfield>
    <subfield code="d">U3W</subfield>
    <subfield code="d">NJT</subfield>
    <subfield code="d">DLC</subfield>
  </datafield>
  <datafield tag="042" ind1=" " ind2=" ">
    <subfield code="a">pcc</subfield>
    <subfield code="a">nsdp</subfield>
  </datafield>
  <datafield tag="043" ind1=" " ind2=" ">
    <subfield code="a">n-us---</subfield>
  </datafield>
  <datafield tag="050" ind1="0" ind2="0">
    <subfield code="a">HV7231</subfield>
  </datafield>
  <datafield tag="082" ind1="1" ind2="4">
    <subfield code="a">345</subfield>
    <subfield code="2">12</subfield>
  </datafield>
  <datafield tag="130" ind1="0" ind2=" ">
    <subfield code="a">American journal of criminal justice (Online)</subfield>
  </datafield>
  <datafield tag="222" ind1=" " ind2="0">
    <subfield code="a">American journal of criminal justice</subfield>
    <subfield code="b">(Online)</subfield>
  </datafield>
  <datafield tag="245" ind1="1" ind2="0">
    <subfield code="a">American journal of criminal justice :</subfield>
    <subfield code="b">the journal of the Southern Criminal Justice Association.</subfield>
  </datafield>
  <datafield tag="246" ind1="3" ind2=" ">
    <subfield code="a">AJCJ</subfield>
  </datafield>
  <datafield tag="246" ind1="3" ind2="0">
    <subfield code="a">Journal of the Southern Criminal Justice Association</subfield>
  </datafield>
  <datafield tag="260" ind1=" " ind2=" ">
    <subfield code="a">New York, NY :</subfield>
    <subfield code="b">Springer New York, LLC</subfield>
  </datafield>
  <datafield tag="310" ind1=" " ind2=" ">
    <subfield code="a">6 issues per year,</subfield>
    <subfield code="b">2019-</subfield>
  </datafield>
  <datafield tag="321" ind1=" " ind2=" ">
    <subfield code="a">4 issues per year,</subfield>
    <subfield code="b">2009-2018</subfield>
  </datafield>
  <datafield tag="321" ind1=" " ind2=" ">
    <subfield code="a">2 issues per year,</subfield>
    <subfield code="b">-2008</subfield>
  </datafield>
  <datafield tag="336" ind1=" " ind2=" ">
    <subfield code="a">text</subfield>
    <subfield code="b">txt</subfield>
    <subfield code="2">rdacontent</subfield>
  </datafield>
  <datafield tag="337" ind1=" " ind2=" ">
    <subfield code="a">computer</subfield>
    <subfield code="b">c</subfield>
    <subfield code="2">rdamedia</subfield>
  </datafield>
  <datafield tag="338" ind1=" " ind2=" ">
    <subfield code="a">online resource</subfield>
    <subfield code="b">cr</subfield>
    <subfield code="2">rdacarrier</subfield>
  </datafield>
  <datafield tag="362" ind1="1" ind2=" ">
    <subfield code="a">Print began with vol. 9, no. 1 (fall 1984).</subfield>
  </datafield>
  <datafield tag="588" ind1=" " ind2=" ">
    <subfield code="a">Description based on: Vol. 31, no. 2 (Sept. 2007); title from caption (publisher&apos;s Web site viewed on Oct. 29, 2008).</subfield>
  </datafield>
  <datafield tag="588" ind1=" " ind2=" ">
    <subfield code="a">Latest issue consulted: Vol. 44, no. 4 (Aug. 2019) (Springer Link, viewed July 19, 2019).</subfield>
  </datafield>
  <datafield tag="650" ind1=" " ind2="0">
    <subfield code="a">Criminal justice, Administration of</subfield>
    <subfield code="z">United States</subfield>
    <subfield code="v">Periodicals.</subfield>
  </datafield>
  <datafield tag="650" ind1=" " ind2="7">
    <subfield code="a">Criminal justice, Administration of.</subfield>
    <subfield code="2">fast</subfield>
    <subfield code="0">(OCoLC)fst00883246</subfield>
  </datafield>
  <datafield tag="651" ind1=" " ind2="7">
    <subfield code="a">United States.</subfield>
    <subfield code="2">fast</subfield>
    <subfield code="0">(OCoLC)fst01204155</subfield>
  </datafield>
  <datafield tag="655" ind1=" " ind2="7">
    <subfield code="a">Periodicals.</subfield>
    <subfield code="2">fast</subfield>
    <subfield code="0">(OCoLC)fst01411641</subfield>
  </datafield>
  <datafield tag="655" ind1=" " ind2="0">
    <subfield code="a">Electronic journals.</subfield>
  </datafield>
  <datafield tag="710" ind1="2" ind2=" ">
    <subfield code="a">Southern Association of Criminal Justice.</subfield>
  </datafield>
  <datafield tag="776" ind1="0" ind2="8">
    <subfield code="i">Print version:</subfield>
    <subfield code="t">American journal of criminal justice</subfield>
    <subfield code="x">1066-2316</subfield>
    <subfield code="w">(DLC)sn 89022368</subfield>
    <subfield code="w">(OCoLC)13148437</subfield>
  </datafield>
  <datafield tag="850" ind1=" " ind2=" ">
    <subfield code="a">DLC</subfield>
  </datafield>
  <datafield tag="859" ind1="4" ind2="0">
    <subfield code="u">http://www.springerlink.com/openurl.asp?genre=journal&amp;issn=1066-2316</subfield>
  </datafield>
  <datafield tag="906" ind1=" " ind2=" ">
    <subfield code="a">7</subfield>
    <subfield code="b">cbc</subfield>
    <subfield code="c">sercoop</subfield>
    <subfield code="d">2</subfield>
    <subfield code="e">ncip</subfield>
    <subfield code="f">20</subfield>
    <subfield code="g">n-oclcserc</subfield>
  </datafield>
  <datafield tag="925" ind1="0" ind2=" ">
    <subfield code="a">acquire</subfield>
    <subfield code="e">edeposit</subfield>
    <subfield code="x">policy default</subfield>
  </datafield>
  <datafield tag="955" ind1=" " ind2=" ">
    <subfield code="j">df28 2007-03-01</subfield>
    <subfield code="a">df38 2007-12-19</subfield>
    <subfield code="a">df00 2007-12-19</subfield>
    <subfield code="c">xf09 2008-10-31(ISSN)</subfield>
    <subfield code="i">rj21 2019-07-19 telework</subfield>
  </datafield>
  <datafield tag="985" ind1=" " ind2=" ">
    <subfield code="d">20190711</subfield>
    <subfield code="e">edeposit SR16531104939</subfield>
  </datafield>
</record>