
<record>
  <leader>02990cjm a2200517 a 4500</leader>
  <controlfield tag="001">14810363</controlfield>
  <controlfield tag="005">20200102172016.0</controlfield>
  <controlfield tag="007">sd fsngnnmmned</controlfield>
  <controlfield tag="008">070417p20072004gw mun|  efhi     | zxx d</controlfield>
  <datafield tag="906" ind1=" " ind2=" ">
    <subfield code="a">7</subfield>
    <subfield code="b">cbc</subfield>
    <subfield code="c">copycat</subfield>
    <subfield code="d">2</subfield>
    <subfield code="e">ncip</subfield>
    <subfield code="f">20</subfield>
    <subfield code="g">y-soundrec</subfield>
  </datafield>
  <datafield tag="925" ind1="0" ind2=" ">
    <subfield code="a">acquire</subfield>
    <subfield code="b">2 shelf copies</subfield>
    <subfield code="x">policy default</subfield>
  </datafield>
  <datafield tag="955" ind1=" " ind2=" ">
    <subfield code="a">nh22 2007-04-17 to NAVCC</subfield>
    <subfield code="a">qr28 2009-04-30 z-client</subfield>
    <subfield code="i">qr28 2009-04-30</subfield>
  </datafield>
  <datafield tag="010" ind1=" " ind2=" ">
    <subfield code="a">  2009603285</subfield>
  </datafield>
  <datafield tag="024" ind1="1" ind2=" ">
    <subfield code="a">761203720422</subfield>
  </datafield>
  <datafield tag="028" ind1="0" ind2="2">
    <subfield code="a">cpo 777 204-2</subfield>
    <subfield code="b">CPO</subfield>
  </datafield>
  <datafield tag="028" ind1="0" ind2="2">
    <subfield code="a">777 204-2</subfield>
    <subfield code="b">CPO</subfield>
  </datafield>
  <datafield tag="035" ind1=" " ind2=" ">
    <subfield code="a">(OCoLC)ocn123312364</subfield>
  </datafield>
  <datafield tag="040" ind1=" " ind2=" ">
    <subfield code="a">CIN</subfield>
    <subfield code="c">CIN</subfield>
    <subfield code="d">CIN</subfield>
    <subfield code="d">BTCTA</subfield>
    <subfield code="d">OCLCQ</subfield>
    <subfield code="d">DLC</subfield>
  </datafield>
  <datafield tag="041" ind1="0" ind2=" ">
    <subfield code="g">eng</subfield>
    <subfield code="g">fre</subfield>
    <subfield code="g">ger</subfield>
  </datafield>
  <datafield tag="042" ind1=" " ind2=" ">
    <subfield code="a">lccopycat</subfield>
  </datafield>
  <datafield tag="047" ind1=" " ind2=" ">
    <subfield code="a">sn</subfield>
    <subfield code="a">ts</subfield>
    <subfield code="a">cn</subfield>
  </datafield>
  <datafield tag="050" ind1="0" ind2="0">
    <subfield code="a">SDB 82816</subfield>
  </datafield>
  <datafield tag="100" ind1="1" ind2=" ">
    <subfield code="a">Fasch, Johann Friedrich,</subfield>
    <subfield code="d">1688-1758.</subfield>
  </datafield>
  <datafield tag="240" ind1="1" ind2="0">
    <subfield code="a">Chamber music.</subfield>
    <subfield code="k">Selections</subfield>
  </datafield>
  <datafield tag="245" ind1="1" ind2="0">
    <subfield code="a">Trios &amp; sonatas</subfield>
    <subfield code="h">[sound recording] /</subfield>
    <subfield code="c">Johann Friedrich Fasch.</subfield>
  </datafield>
  <datafield tag="260" ind1=" " ind2=" ">
    <subfield code="a">Georgsmarienhütte :</subfield>
    <subfield code="b">CPO,</subfield>
    <subfield code="c">p2007.</subfield>
  </datafield>
  <datafield tag="300" ind1=" " ind2=" ">
    <subfield code="a">1 sound disc :</subfield>
    <subfield code="b">digital, stereo. ;</subfield>
    <subfield code="c">4 3/4 in.</subfield>
  </datafield>
  <datafield tag="306" ind1=" " ind2=" ">
    <subfield code="a">000714</subfield>
    <subfield code="a">001126</subfield>
    <subfield code="a">001550</subfield>
    <subfield code="a">000936</subfield>
    <subfield code="a">001154</subfield>
    <subfield code="a">000656</subfield>
    <subfield code="a">000730</subfield>
  </datafield>
  <datafield tag="511" ind1="0" ind2=" ">
    <subfield code="a">Epoca Barocca (Petr Zejfart, recorder ; Allessandro Piqué, oboe ; Sergio Azzolini, bassoon ; Veronika Skuplik, violin ; Ilze Grudule, violoncello ; Matthias Spaeter, archlute ; Christoph Lehmann, harpsichord and organ).</subfield>
  </datafield>
  <datafield tag="518" ind1=" " ind2=" ">
    <subfield code="a">Recorded Nov. 17-21, 2004, Deutschlandfunk Sendesaal.</subfield>
  </datafield>
  <datafield tag="500" ind1=" " ind2=" ">
    <subfield code="a">Compact disc.</subfield>
  </datafield>
  <datafield tag="500" ind1=" " ind2=" ">
    <subfield code="a">Program notes (15 p. : ports.) in German, English, and French in container.</subfield>
  </datafield>
  <datafield tag="505" ind1="0" ind2=" ">
    <subfield code="a">Quadro in D minor for oboe, violin, bassoon &amp; b.c. (7:14) -- Trio in E minor for oboe, violin &amp; b.c. (11:26) -- Sonata in C major for bassoon &amp; b.c. (15:50) -- Quadro in B-flat major for recorder, oboe, violin &amp; b.c. (9:36) -- Trio in G minor for oboe, violin &amp; b.c. (11:54) -- Quadro in F major for violin, oboe, bassoon &amp; b.c. (6:56) -- Canon in F major for recorder, bassoon &amp; b.c. (7:30).</subfield>
  </datafield>
  <datafield tag="650" ind1=" " ind2="0">
    <subfield code="a">Quartets (Bassoon, oboe, violin, continuo)</subfield>
  </datafield>
  <datafield tag="650" ind1=" " ind2="0">
    <subfield code="a">Trio sonatas (Oboe, violin, continuo)</subfield>
  </datafield>
  <datafield tag="650" ind1=" " ind2="0">
    <subfield code="a">Sonatas (Bassoon and continuo)</subfield>
  </datafield>
  <datafield tag="650" ind1=" " ind2="0">
    <subfield code="a">Quartets (Oboe, recorder, violin, continuo)</subfield>
  </datafield>
  <datafield tag="650" ind1=" " ind2="0">
    <subfield code="a">Canons, fugues, etc. (Bassoon, recorder, continuo)</subfield>
  </datafield>
  <datafield tag="700" ind1="1" ind2="2">
    <subfield code="a">Fasch, Johann Friedrich,</subfield>
    <subfield code="d">1688-1758.</subfield>
    <subfield code="t">Sonatas,</subfield>
    <subfield code="m">oboe, violin, bassoon, continuo,</subfield>
    <subfield code="r">D minor.</subfield>
  </datafield>
  <datafield tag="700" ind1="1" ind2="2">
    <subfield code="a">Fasch, Johann Friedrich,</subfield>
    <subfield code="d">1688-1758.</subfield>
    <subfield code="t">Trio sonatas,</subfield>
    <subfield code="m">oboes (2), continuo,</subfield>
    <subfield code="n">FWV N:e1,</subfield>
    <subfield code="r">E minor.</subfield>
  </datafield>
  <datafield tag="700" ind1="1" ind2="2">
    <subfield code="a">Fasch, Johann Friedrich,</subfield>
    <subfield code="d">1688-1758.</subfield>
    <subfield code="t">Sonatas,</subfield>
    <subfield code="m">bassoon, continuo,</subfield>
    <subfield code="n">FWV N:C1,</subfield>
    <subfield code="r">C major.</subfield>
  </datafield>
  <datafield tag="700" ind1="1" ind2="2">
    <subfield code="a">Fasch, Johann Friedrich,</subfield>
    <subfield code="d">1688-1758.</subfield>
    <subfield code="t">Sonatas,</subfield>
    <subfield code="m">recorder, oboe, violin, continuo,</subfield>
    <subfield code="n">FWV N:B1,</subfield>
    <subfield code="r">B♭ major.</subfield>
  </datafield>
  <datafield tag="700" ind1="1" ind2="2">
    <subfield code="a">Fasch, Johann Friedrich,</subfield>
    <subfield code="d">1688-1758.</subfield>
    <subfield code="t">Trio sonatas,</subfield>
    <subfield code="m">oboes (2), continuo,</subfield>
    <subfield code="n">FWV N:g2,</subfield>
    <subfield code="r">G minor.</subfield>
  </datafield>
  <datafield tag="700" ind1="1" ind2="2">
    <subfield code="a">Fasch, Johann Friedrich,</subfield>
    <subfield code="d">1688-1758.</subfield>
    <subfield code="t">Sonatas,</subfield>
    <subfield code="m">oboes (2), bassoons (2),</subfield>
    <subfield code="n">FWV N:F1,</subfield>
    <subfield code="r">F major</subfield>
  </datafield>
  <datafield tag="700" ind1="1" ind2="2">
    <subfield code="a">Fasch, Johann Friedrich,</subfield>
    <subfield code="d">1688-1758.</subfield>
    <subfield code="t">Trio sonatas,</subfield>
    <subfield code="m">recorder, bassoon, continuo,</subfield>
    <subfield code="n">FWV N:F5,</subfield>
    <subfield code="r">F major.</subfield>
  </datafield>
  <datafield tag="710" ind1="2" ind2=" ">
    <subfield code="a">Epoca barocca (Musical group)</subfield>
    <subfield code="4">prf</subfield>
  </datafield>
</record>