
<record>
  <leader>03368cam a2200505 a 4500</leader>
  <controlfield tag="001">15011441</controlfield>
  <controlfield tag="005">20200102090048.0</controlfield>
  <controlfield tag="008">070918s1889    enk           000 0 eng  </controlfield>
  <datafield tag="906" ind1=" " ind2=" ">
    <subfield code="a">7</subfield>
    <subfield code="b">cbc</subfield>
    <subfield code="c">premver</subfield>
    <subfield code="d">2</subfield>
    <subfield code="e">ncip</subfield>
    <subfield code="f">20</subfield>
    <subfield code="g">y-genrareb</subfield>
  </datafield>
  <datafield tag="955" ind1=" " ind2=" ">
    <subfield code="a">vj00</subfield>
    <subfield code="i">vj21 2007-09-18 NEW INPUT</subfield>
    <subfield code="e">vj21 2007-09-21</subfield>
  </datafield>
  <datafield tag="010" ind1=" " ind2=" ">
    <subfield code="a">  2007581543</subfield>
    <subfield code="z">unk80002628 </subfield>
    <subfield code="z">unk83023744 </subfield>
    <subfield code="z">tmp92001261 </subfield>
    <subfield code="z">tmp92002956 </subfield>
    <subfield code="z">unk83006998 </subfield>
    <subfield code="z">tmp92002769 </subfield>
    <subfield code="z">unk85045510 </subfield>
    <subfield code="z">tmp92001312 </subfield>
    <subfield code="z">unk82098299 </subfield>
    <subfield code="z">unk83008019 </subfield>
    <subfield code="z">unk84028398 </subfield>
  </datafield>
  <datafield tag="040" ind1=" " ind2=" ">
    <subfield code="a">DLC</subfield>
    <subfield code="c">DLC</subfield>
    <subfield code="d">DLC</subfield>
  </datafield>
  <datafield tag="050" ind1="0" ind2="0">
    <subfield code="a">BF1228</subfield>
    <subfield code="b">.L6</subfield>
  </datafield>
  <datafield tag="245" ind1="0" ind2="0">
    <subfield code="a">Addresses delivered before the London Spiritualist Alliance during the years 1884 to 1888 /</subfield>
    <subfield code="c">by the president [Stainton Moses], Mrs. de Morgan, C.C. Massey, Major-General Drayson, ... [et al.]</subfield>
  </datafield>
  <datafield tag="246" ind1="1" ind2="8">
    <subfield code="a">Addresses before London Spiritual Alliance</subfield>
  </datafield>
  <datafield tag="260" ind1=" " ind2=" ">
    <subfield code="a">London :</subfield>
    <subfield code="b">Published by authority of the Council,</subfield>
    <subfield code="c">1889.</subfield>
  </datafield>
  <datafield tag="300" ind1=" " ind2=" ">
    <subfield code="a">[2], 15, 20, 16, 31, 12, 10, 15, 12, 11, 16, 20, 12 p. ;</subfield>
    <subfield code="c">18 cm.</subfield>
  </datafield>
  <datafield tag="500" ind1=" " ind2=" ">
    <subfield code="a">Each lecture with its own t.p. and separately paged.</subfield>
  </datafield>
  <datafield tag="500" ind1=" " ind2=" ">
    <subfield code="a">Lectures were all reprinted from Light.</subfield>
  </datafield>
  <datafield tag="505" ind1="0" ind2=" ">
    <subfield code="a">Voices in the air ... / by M. A. (Oxon.) -- Science and the phenomena termed spiritual ... / by Major-General Drayson -- Spiritualism : some difficulties with some suggestions ... / by Alaric A. Watts -- Spiritualism at home and abroad ... / by the president -- Some thoughts on mediumship ... / by Mrs. de Morgan -- Spiritualism, some aspects of comfort ... / by Alaric A. Watts -- The application to spiritualism of scientific research ... / by C.C. Massey -- Whence and whither? ... / by W. Paice -- The seers or prophets of the Old Testament ... / by Rev. J. Page Hopps -- Death ... / by C.E. Cassal -- Some things that I do know of spiritualism, and some that I do not know ... / by the president -- The ideal Holy Ghost ... / by Rev. J. Page Hopps.</subfield>
  </datafield>
  <datafield tag="500" ind1=" " ind2=" ">
    <subfield code="a">Errata slip, tipped in 4th lecture.</subfield>
  </datafield>
  <datafield tag="500" ind1=" " ind2=" ">
    <subfield code="a">Compliments slip of the president and Council of the Alliance tipped in on front free-endpaper.</subfield>
    <subfield code="5">DLC</subfield>
  </datafield>
  <datafield tag="650" ind1=" " ind2="0">
    <subfield code="a">Spiritualism.</subfield>
  </datafield>
  <datafield tag="650" ind1=" " ind2="0">
    <subfield code="a">Parapsychology.</subfield>
  </datafield>
  <datafield tag="700" ind1="0" ind2="2">
    <subfield code="a">M.A. (Oxon),</subfield>
    <subfield code="d">1839-1892.</subfield>
    <subfield code="t">Voices in the air.</subfield>
  </datafield>
  <datafield tag="700" ind1="1" ind2="2">
    <subfield code="a">Drayson, Alfred W.</subfield>
    <subfield code="q">(Alfred Wilks),</subfield>
    <subfield code="d">1827-1901.</subfield>
    <subfield code="t">Science and the phenomena termed spiritual.</subfield>
  </datafield>
  <datafield tag="700" ind1="1" ind2="2">
    <subfield code="a">Watts, Alaric Alfred,</subfield>
    <subfield code="d">1825-1901.</subfield>
    <subfield code="t">Spiritualism.</subfield>
  </datafield>
  <datafield tag="700" ind1="1" ind2="2">
    <subfield code="a">Moses, William Stainton,</subfield>
    <subfield code="d">1839-1892.</subfield>
    <subfield code="t">Spiritualism at home and abroad.</subfield>
  </datafield>
  <datafield tag="700" ind1="1" ind2="2">
    <subfield code="a">De Morgan, Sophia Elizabeth,</subfield>
    <subfield code="d">1809-1892.</subfield>
    <subfield code="t">Some thoughts on mediumship.</subfield>
  </datafield>
  <datafield tag="700" ind1="1" ind2="2">
    <subfield code="a">Watts, Alaric Alfred,</subfield>
    <subfield code="d">1825-1901.</subfield>
    <subfield code="t">Spiritualism, some aspects of comfort.</subfield>
  </datafield>
  <datafield tag="700" ind1="1" ind2="2">
    <subfield code="a">Massey, Charles Carleton.</subfield>
    <subfield code="t">Application to spiritualism of scientific research.</subfield>
  </datafield>
  <datafield tag="700" ind1="1" ind2="2">
    <subfield code="a">Paice, W.</subfield>
    <subfield code="t">Whence and whither?</subfield>
  </datafield>
  <datafield tag="700" ind1="1" ind2="2">
    <subfield code="a">Hopps, John Page,</subfield>
    <subfield code="d">1834-1911.</subfield>
    <subfield code="t">Seers or prophets of the Old Testament.</subfield>
  </datafield>
  <datafield tag="700" ind1="1" ind2="2">
    <subfield code="a">Cassal, C. E.</subfield>
    <subfield code="q">(Charles Edward),</subfield>
    <subfield code="d">1858-</subfield>
    <subfield code="t">Death.</subfield>
  </datafield>
  <datafield tag="700" ind1="1" ind2="2">
    <subfield code="a">Hopps, John Page,</subfield>
    <subfield code="d">1834-1911.</subfield>
    <subfield code="t">Ideal Holy Ghost.</subfield>
  </datafield>
  <datafield tag="710" ind1="2" ind2=" ">
    <subfield code="a">London Spiritualist Alliance.</subfield>
  </datafield>
  <datafield tag="710" ind1="2" ind2=" ">
    <subfield code="a">Harry Houdini Collection (Library of Congress)</subfield>
    <subfield code="5">DLC</subfield>
  </datafield>
  <datafield tag="730" ind1="0" ind2=" ">
    <subfield code="a">Light (London, England)</subfield>
  </datafield>
  <datafield tag="952" ind1=" " ind2=" ">
    <subfield code="a">LAC brd 2018-10-25 update (13 cards)</subfield>
  </datafield>
  <datafield tag="952" ind1=" " ind2=" ">
    <subfield code="a">LAC kcc 2018-10-30 review</subfield>
  </datafield>
  <datafield tag="952" ind1=" " ind2=" ">
    <subfield code="a">LC Review of LAC Completed/Approved 2018-11-05</subfield>
  </datafield>
  <datafield tag="984" ind1=" " ind2=" ">
    <subfield code="a">gsl</subfield>
  </datafield>
  <datafield tag="984" ind1=" " ind2=" ">
    <subfield code="a">rsl</subfield>
    <subfield code="d">2018-10-25</subfield>
  </datafield>
  <datafield tag="985" ind1=" " ind2=" ">
    <subfield code="a">rblacfederal</subfield>
    <subfield code="d">20181025</subfield>
  </datafield>
  <datafield tag="991" ind1=" " ind2=" ">
    <subfield code="b">c-GenColl</subfield>
    <subfield code="h">BF1228</subfield>
    <subfield code="i">.L6 (Houdini Coll)</subfield>
    <subfield code="t">Copy 1</subfield>
    <subfield code="w">PREM</subfield>
  </datafield>
</record>