
<record>
  <leader>00691cam a22002174a 4500</leader>
  <controlfield tag="001">15099318</controlfield>
  <controlfield tag="005">20200102113721.0</controlfield>
  <controlfield tag="008">071123s2007    ne            000 j dut  </controlfield>
  <datafield tag="906" ind1=" " ind2=" ">
    <subfield code="a">7</subfield>
    <subfield code="b">cbc</subfield>
    <subfield code="c">origres</subfield>
    <subfield code="d">3</subfield>
    <subfield code="e">ncip</subfield>
    <subfield code="f">20</subfield>
    <subfield code="g">y-gencatlg</subfield>
  </datafield>
  <datafield tag="925" ind1="0" ind2=" ">
    <subfield code="a">acquire</subfield>
    <subfield code="b">1 shelf copy</subfield>
    <subfield code="x">policy default</subfield>
  </datafield>
  <datafield tag="955" ind1=" " ind2=" ">
    <subfield code="a">of24 2008-01-04 to HLCD</subfield>
    <subfield code="a">ld00 2008-01-28</subfield>
    <subfield code="i">ld12 2008-02-06</subfield>
    <subfield code="e">ld12 2008-02-06 to BCCD</subfield>
  </datafield>
  <datafield tag="010" ind1=" " ind2=" ">
    <subfield code="a">  2008359510</subfield>
  </datafield>
  <datafield tag="020" ind1=" " ind2=" ">
    <subfield code="a">9045700239</subfield>
  </datafield>
  <datafield tag="035" ind1=" " ind2=" ">
    <subfield code="a">(CaONFCNI)ny5868398</subfield>
  </datafield>
  <datafield tag="040" ind1=" " ind2=" ">
    <subfield code="a">DLC</subfield>
    <subfield code="c">DLC</subfield>
  </datafield>
  <datafield tag="050" ind1="0" ind2="0">
    <subfield code="a">PT5881.1.R6</subfield>
    <subfield code="b">S65 2007</subfield>
  </datafield>
  <datafield tag="100" ind1="0" ind2=" ">
    <subfield code="a">Armando,</subfield>
    <subfield code="d">1929-2018.</subfield>
  </datafield>
  <datafield tag="245" ind1="1" ind2="0">
    <subfield code="a">Soms /</subfield>
    <subfield code="c">Armando.</subfield>
  </datafield>
  <datafield tag="260" ind1=" " ind2=" ">
    <subfield code="a">Amsterdam :</subfield>
    <subfield code="b">Augustus,</subfield>
    <subfield code="c">c2007.</subfield>
  </datafield>
  <datafield tag="300" ind1=" " ind2=" ">
    <subfield code="a">141 p. ;</subfield>
    <subfield code="c">21 cm.</subfield>
  </datafield>
  <datafield tag="923" ind1=" " ind2=" ">
    <subfield code="d">20071121</subfield>
    <subfield code="n">I-20018335</subfield>
    <subfield code="s">93000177</subfield>
  </datafield>
</record>