
<record>
  <leader>01585ccm a2200313 a 4500</leader>
  <controlfield tag="001">15127953</controlfield>
  <controlfield tag="005">20200102141919.0</controlfield>
  <controlfield tag="008">080104s1998    nyutsa|        n  | zxx  </controlfield>
  <datafield tag="906" ind1=" " ind2=" ">
    <subfield code="a">7</subfield>
    <subfield code="b">cbc</subfield>
    <subfield code="c">orignew</subfield>
    <subfield code="d">3</subfield>
    <subfield code="e">ncip</subfield>
    <subfield code="f">20</subfield>
    <subfield code="g">y-genmusic</subfield>
  </datafield>
  <datafield tag="925" ind1="0" ind2=" ">
    <subfield code="a">acquire</subfield>
    <subfield code="b">1 shelf copy</subfield>
    <subfield code="x">policy default</subfield>
  </datafield>
  <datafield tag="955" ind1=" " ind2=" ">
    <subfield code="a">vk00 2008-01-04</subfield>
    <subfield code="i">vk73 2008-01-04</subfield>
    <subfield code="e">vl34 2008-02-22 c. 1 &amp; 2 to BCCD</subfield>
  </datafield>
  <datafield tag="010" ind1=" " ind2=" ">
    <subfield code="a">  2008560136</subfield>
  </datafield>
  <datafield tag="028" ind1="2" ind2="2">
    <subfield code="a">BCMS-7</subfield>
    <subfield code="b">Loux Music Co.</subfield>
  </datafield>
  <datafield tag="040" ind1=" " ind2=" ">
    <subfield code="a">DLC</subfield>
    <subfield code="c">DLC</subfield>
  </datafield>
  <datafield tag="050" ind1="0" ind2="0">
    <subfield code="a">M312.4</subfield>
    <subfield code="b">.K898 op. 2, no. 10-12 2006</subfield>
  </datafield>
  <datafield tag="100" ind1="1" ind2=" ">
    <subfield code="a">Krieger, Johann Philipp,</subfield>
    <subfield code="d">1649-1725.</subfield>
  </datafield>
  <datafield tag="240" ind1="1" ind2="0">
    <subfield code="a">Sonatas,</subfield>
    <subfield code="m">violin, viola da gamba, continuo,</subfield>
    <subfield code="n">op. 2.</subfield>
    <subfield code="k">Selections</subfield>
  </datafield>
  <datafield tag="245" ind1="1" ind2="0">
    <subfield code="a">Twelve sonatas for violin, viola da gamba and basso continuo, op. II, 10-12 /</subfield>
    <subfield code="c">Johann Philipp Krieger ; edited by Réjean Poirier.</subfield>
  </datafield>
  <datafield tag="246" ind1="1" ind2=" ">
    <subfield code="i">At head of title:</subfield>
    <subfield code="a">Dovehouse Editions, Canada</subfield>
  </datafield>
  <datafield tag="260" ind1=" " ind2=" ">
    <subfield code="a">Hannacroix, NY :</subfield>
    <subfield code="b">Loux Music Co.,</subfield>
    <subfield code="c">c2006.</subfield>
  </datafield>
  <datafield tag="300" ind1=" " ind2=" ">
    <subfield code="a">1 score (42 p.) + 2 parts ;</subfield>
    <subfield code="c">28 cm.</subfield>
  </datafield>
  <datafield tag="490" ind1="0" ind2=" ">
    <subfield code="a">Baroque chamber music series ;</subfield>
    <subfield code="v">no. 7</subfield>
  </datafield>
  <datafield tag="500" ind1=" " ind2=" ">
    <subfield code="a">Cover title.</subfield>
  </datafield>
  <datafield tag="500" ind1=" " ind2=" ">
    <subfield code="a">Figured bass realized for harpsichord.</subfield>
  </datafield>
  <datafield tag="650" ind1=" " ind2="0">
    <subfield code="a">Trio sonatas (Violin, viola da gamba, continuo)</subfield>
    <subfield code="v">Scores and parts.</subfield>
  </datafield>
  <datafield tag="700" ind1="1" ind2=" ">
    <subfield code="a">Poirier, Réjean.</subfield>
  </datafield>
  <datafield tag="700" ind1="1" ind2=" ">
    <subfield code="i">Container of (work):</subfield>
    <subfield code="a">Krieger, Johann Philipp,</subfield>
    <subfield code="d">1649-1725.</subfield>
    <subfield code="t">Sonatas,</subfield>
    <subfield code="m">violin, viola da gamba, continuo,</subfield>
    <subfield code="n">op. 2.</subfield>
    <subfield code="n">No. 10</subfield>
  </datafield>
  <datafield tag="700" ind1="1" ind2=" ">
    <subfield code="i">Container of (work):</subfield>
    <subfield code="a">Krieger, Johann Philipp,</subfield>
    <subfield code="d">1649-1725.</subfield>
    <subfield code="t">Sonatas,</subfield>
    <subfield code="m">violin, viola da gamba, continuo,</subfield>
    <subfield code="n">op. 2.</subfield>
    <subfield code="n">No. 11</subfield>
  </datafield>
  <datafield tag="700" ind1="1" ind2=" ">
    <subfield code="i">Container of (work):</subfield>
    <subfield code="a">Krieger, Johann Philipp,</subfield>
    <subfield code="d">1649-1725.</subfield>
    <subfield code="t">Sonatas,</subfield>
    <subfield code="m">violin, viola da gamba, continuo,</subfield>
    <subfield code="n">op. 2.</subfield>
    <subfield code="n">No. 12</subfield>
  </datafield>
</record>