
<record>
  <leader>03073cjm a22006017a 4500</leader>
  <controlfield tag="001">15161248</controlfield>
  <controlfield tag="005">20200102172312.0</controlfield>
  <controlfield tag="007">sd fsngnnmmned</controlfield>
  <controlfield tag="008">080130p20072004gw mun|  dei      | lat d</controlfield>
  <datafield tag="906" ind1=" " ind2=" ">
    <subfield code="a">7</subfield>
    <subfield code="b">cbc</subfield>
    <subfield code="c">copycat</subfield>
    <subfield code="d">2</subfield>
    <subfield code="e">ncip</subfield>
    <subfield code="f">20</subfield>
    <subfield code="g">y-soundrec</subfield>
  </datafield>
  <datafield tag="925" ind1="0" ind2=" ">
    <subfield code="a">acquire</subfield>
    <subfield code="b">2 shelf copies</subfield>
    <subfield code="x">policy default</subfield>
  </datafield>
  <datafield tag="955" ind1=" " ind2=" ">
    <subfield code="a">qr06 2013-12-30 z-client</subfield>
    <subfield code="i">qr06 2013-12-30</subfield>
  </datafield>
  <datafield tag="955" ind1=" " ind2=" ">
    <subfield code="a">nh01 2008-01-30 to SMCD</subfield>
  </datafield>
  <datafield tag="010" ind1=" " ind2=" ">
    <subfield code="a">  2013627877</subfield>
  </datafield>
  <datafield tag="024" ind1="3" ind2=" ">
    <subfield code="a">4009350834132</subfield>
  </datafield>
  <datafield tag="028" ind1="0" ind2="2">
    <subfield code="a">83.413</subfield>
    <subfield code="b">Carus</subfield>
  </datafield>
  <datafield tag="035" ind1=" " ind2=" ">
    <subfield code="a">(OCoLC)ocn190790362</subfield>
  </datafield>
  <datafield tag="040" ind1=" " ind2=" ">
    <subfield code="a">IXA</subfield>
    <subfield code="c">IXA</subfield>
    <subfield code="d">CIN</subfield>
    <subfield code="d">BTCTA</subfield>
    <subfield code="d">OCLCA</subfield>
    <subfield code="d">OCLCQ</subfield>
    <subfield code="d">UAB</subfield>
    <subfield code="d">DLC</subfield>
  </datafield>
  <datafield tag="041" ind1="0" ind2=" ">
    <subfield code="d">ger</subfield>
    <subfield code="d">lat</subfield>
    <subfield code="e">lat</subfield>
    <subfield code="e">ger</subfield>
    <subfield code="e">eng</subfield>
    <subfield code="e">fre</subfield>
    <subfield code="g">ger</subfield>
    <subfield code="g">eng</subfield>
    <subfield code="g">fre</subfield>
    <subfield code="m">ger</subfield>
  </datafield>
  <datafield tag="042" ind1=" " ind2=" ">
    <subfield code="a">lccopycat</subfield>
  </datafield>
  <datafield tag="047" ind1=" " ind2=" ">
    <subfield code="a">ct</subfield>
    <subfield code="a">sn</subfield>
  </datafield>
  <datafield tag="050" ind1="0" ind2="0">
    <subfield code="a">SDC 31711</subfield>
  </datafield>
  <datafield tag="100" ind1="1" ind2=" ">
    <subfield code="a">Pohle, David,</subfield>
    <subfield code="d">1624-1695.</subfield>
  </datafield>
  <datafield tag="240" ind1="1" ind2="0">
    <subfield code="a">Works.</subfield>
    <subfield code="k">Selections</subfield>
  </datafield>
  <datafield tag="245" ind1="1" ind2="0">
    <subfield code="a">Wie der Hirsch schreyet</subfield>
    <subfield code="h">[sound recording] :</subfield>
    <subfield code="b">musica sacra /</subfield>
    <subfield code="c">David Pohle.</subfield>
  </datafield>
  <datafield tag="246" ind1="3" ind2="0">
    <subfield code="a">Musica sacra</subfield>
  </datafield>
  <datafield tag="260" ind1=" " ind2=" ">
    <subfield code="a">Stuttgart :</subfield>
    <subfield code="b">Carus,</subfield>
    <subfield code="c">p2007.</subfield>
  </datafield>
  <datafield tag="300" ind1=" " ind2=" ">
    <subfield code="a">1 sound disc :</subfield>
    <subfield code="b">digital, stereo. ;</subfield>
    <subfield code="c">4 3/4 in.</subfield>
  </datafield>
  <datafield tag="490" ind1="1" ind2=" ">
    <subfield code="a">Musik aus Dresden</subfield>
  </datafield>
  <datafield tag="546" ind1=" " ind2=" ">
    <subfield code="a">Vocal works sung in German or Latin.</subfield>
  </datafield>
  <datafield tag="511" ind1="0" ind2=" ">
    <subfield code="a">Monika Mauch, soprano ; David Erler, alto ; Hans Jörg Mammel, tenor ; L&apos;arpa festante ; Rien Voskuilen, conductor, organ.</subfield>
  </datafield>
  <datafield tag="518" ind1=" " ind2=" ">
    <subfield code="a">Recorded at Kloster Altenburg, Solms, Sept. 6-8, 2004.</subfield>
  </datafield>
  <datafield tag="500" ind1=" " ind2=" ">
    <subfield code="a">Compact disc.</subfield>
  </datafield>
  <datafield tag="500" ind1=" " ind2=" ">
    <subfield code="a">Program notes in German with abridged English and French translations, and texts with German, French and English translations, inserted in container.</subfield>
  </datafield>
  <datafield tag="505" ind1="0" ind2=" ">
    <subfield code="a">Sonata à 6, Nr. 24, 2 Vl, 3 Va da braccio, Va da basso, Bc (5:38) -- Wie der Hirsch schreyet : T, 2 Vl, Bc (8:36) -- Diligam te Domine : S, 2 Vl, Bc (5:42) -- Sonata à 3, Nr. 29, 2 Vl, Va da braccio, Bc (3:12) -- In te Domine speravi : SAT, 2 Va, Fg, Bc (5:27) -- Sonata à 6, Nr. 23, 2 Vl, 3 Va da braccio, Va da basso, Bc (3:41) -- Benedicam Dominum : A, 2 Vl, Fg, Bc (4:12) -- Sonata à 6, Nr. 11, 2 Vl, 3 Va da braccio, Va da basso, Bc (3:46) -- Jesu chare : A, 2 Vl, Bc (9:29) -- Paratum cor meum : T, 2 Vl, Bc (5:37) -- Sonata à 6, Nr. 25, 2 Vl, 3 Va da braccio, Va da basso, Bc (9:11).</subfield>
  </datafield>
  <datafield tag="650" ind1=" " ind2="0">
    <subfield code="a">Septets (Violins (2), violas (3), viola da gamba, continuo)</subfield>
  </datafield>
  <datafield tag="650" ind1=" " ind2="0">
    <subfield code="a">Sacred songs with instrumental ensemble.</subfield>
  </datafield>
  <datafield tag="650" ind1=" " ind2="0">
    <subfield code="a">Solo cantatas, Sacred.</subfield>
  </datafield>
  <datafield tag="650" ind1=" " ind2="0">
    <subfield code="a">Quartets (Violins (2), viola, continuo)</subfield>
  </datafield>
  <datafield tag="650" ind1=" " ind2="0">
    <subfield code="a">Sacred vocal trios with instrumental ensemble.</subfield>
  </datafield>
  <datafield tag="700" ind1="1" ind2=" ">
    <subfield code="a">Mauch, Monika.</subfield>
    <subfield code="4">prf</subfield>
  </datafield>
  <datafield tag="700" ind1="1" ind2=" ">
    <subfield code="a">Erler, David.</subfield>
    <subfield code="4">prf</subfield>
  </datafield>
  <datafield tag="700" ind1="1" ind2=" ">
    <subfield code="a">Mammel, Hans Jörg.</subfield>
    <subfield code="4">prf</subfield>
  </datafield>
  <datafield tag="700" ind1="1" ind2=" ">
    <subfield code="a">Voskuilen, Rien.</subfield>
    <subfield code="4">prf</subfield>
  </datafield>
  <datafield tag="700" ind1="1" ind2="2">
    <subfield code="a">Pohle, David,</subfield>
    <subfield code="d">1624-1695.</subfield>
    <subfield code="t">Sonatas.</subfield>
    <subfield code="k">Selections.</subfield>
  </datafield>
  <datafield tag="700" ind1="1" ind2="2">
    <subfield code="a">Pohle, David,</subfield>
    <subfield code="d">1624-1695.</subfield>
    <subfield code="t">Wie der Hirsch schreyet.</subfield>
  </datafield>
  <datafield tag="700" ind1="1" ind2="2">
    <subfield code="a">Pohle, David,</subfield>
    <subfield code="d">1624-1695.</subfield>
    <subfield code="t">Diligam te Domine.</subfield>
  </datafield>
  <datafield tag="700" ind1="1" ind2="2">
    <subfield code="a">Pohle, David,</subfield>
    <subfield code="d">1624-1695.</subfield>
    <subfield code="t">In te Domine speravi.</subfield>
  </datafield>
  <datafield tag="700" ind1="1" ind2="2">
    <subfield code="a">Pohle, David,</subfield>
    <subfield code="d">1624-1695.</subfield>
    <subfield code="t">Benedicam Dominum.</subfield>
  </datafield>
  <datafield tag="700" ind1="1" ind2="2">
    <subfield code="a">Pohle, David,</subfield>
    <subfield code="d">1624-1695.</subfield>
    <subfield code="t">Jesu chare.</subfield>
  </datafield>
  <datafield tag="700" ind1="1" ind2="2">
    <subfield code="a">Pohle, David,</subfield>
    <subfield code="d">1624-1695.</subfield>
    <subfield code="t">Paratum cor meum.</subfield>
  </datafield>
  <datafield tag="710" ind1="2" ind2=" ">
    <subfield code="a">Arpa festante (Musical group)</subfield>
    <subfield code="4">prf</subfield>
  </datafield>
  <datafield tag="830" ind1=" " ind2="0">
    <subfield code="a">Musik aus Dresden.</subfield>
  </datafield>
</record>