
<record>
  <leader>01717cem a2200373 a 4500</leader>
  <controlfield tag="001">15263404</controlfield>
  <controlfield tag="005">20200102153211.0</controlfield>
  <controlfield tag="007">aj canzn</controlfield>
  <controlfield tag="007">cr |||||||||||</controlfield>
  <controlfield tag="008">080416s1923    dcud      a  f  0   eng  </controlfield>
  <datafield tag="906" ind1=" " ind2=" ">
    <subfield code="a">7</subfield>
    <subfield code="b">cbc</subfield>
    <subfield code="c">orignew</subfield>
    <subfield code="d">u</subfield>
    <subfield code="e">ncip</subfield>
    <subfield code="f">20</subfield>
    <subfield code="g">y-geogmaps</subfield>
  </datafield>
  <datafield tag="955" ind1=" " ind2=" ">
    <subfield code="a">ga35 2008-04-16 sent to CMT</subfield>
  </datafield>
  <datafield tag="010" ind1=" " ind2=" ">
    <subfield code="a">  2008622187</subfield>
  </datafield>
  <datafield tag="034" ind1="1" ind2=" ">
    <subfield code="a">a</subfield>
    <subfield code="b">3480000</subfield>
    <subfield code="d">W1250000</subfield>
    <subfield code="e">W0850000</subfield>
    <subfield code="f">N0490000</subfield>
    <subfield code="g">N0320000</subfield>
  </datafield>
  <datafield tag="040" ind1=" " ind2=" ">
    <subfield code="a">DLC</subfield>
    <subfield code="c">DLC</subfield>
    <subfield code="d">DLC</subfield>
  </datafield>
  <datafield tag="050" ind1="0" ind2="0">
    <subfield code="a">G4051.G6 1923</subfield>
    <subfield code="b">.U5</subfield>
  </datafield>
  <datafield tag="052" ind1=" " ind2=" ">
    <subfield code="a">4051</subfield>
  </datafield>
  <datafield tag="110" ind1="1" ind2=" ">
    <subfield code="a">United States.</subfield>
    <subfield code="b">Office of Indian Affairs.</subfield>
  </datafield>
  <datafield tag="245" ind1="1" ind2="0">
    <subfield code="a">Indian reservations west of the Mississippi River /</subfield>
    <subfield code="c">Department of the Interior, Office of Indian Affairs ; engraved and printed by the U.S. Geological Survey.</subfield>
  </datafield>
  <datafield tag="255" ind1=" " ind2=" ">
    <subfield code="a">Scale [ca. 1:3,480,000]</subfield>
    <subfield code="c">(W 125°--W 85°/N 49°--N 32°).</subfield>
  </datafield>
  <datafield tag="260" ind1=" " ind2=" ">
    <subfield code="a">Washington, D.C. :</subfield>
    <subfield code="b">Dept. of the Interior, Office of Indian Affairs,</subfield>
    <subfield code="c">1923.</subfield>
  </datafield>
  <datafield tag="300" ind1=" " ind2=" ">
    <subfield code="a">1 map :</subfield>
    <subfield code="b">col. ;</subfield>
    <subfield code="c">65 x 97 cm., folded to 23 x 12 cm.</subfield>
  </datafield>
  <datafield tag="500" ind1=" " ind2=" ">
    <subfield code="a">Relief shown by hachures.</subfield>
  </datafield>
  <datafield tag="500" ind1=" " ind2=" ">
    <subfield code="a">&quot;Base map furnished by General Land Office.&quot;</subfield>
  </datafield>
  <datafield tag="500" ind1=" " ind2=" ">
    <subfield code="a">From the U.S. Office of Indian Affairs&apos; Annual report of the Commissioner of Indian Affairs to the Secretary of the Interior. Washington, D.C., 1920-43.</subfield>
  </datafield>
  <datafield tag="500" ind1=" " ind2=" ">
    <subfield code="a">Includes railroads.</subfield>
  </datafield>
  <datafield tag="500" ind1=" " ind2=" ">
    <subfield code="a">LC copy imperfect: Map torn at lower left corner.</subfield>
    <subfield code="5">DLC</subfield>
  </datafield>
  <datafield tag="530" ind1=" " ind2=" ">
    <subfield code="a">Available also through the Library of Congress Web site as a raster image.</subfield>
  </datafield>
  <datafield tag="650" ind1=" " ind2="0">
    <subfield code="a">Indian reservations</subfield>
    <subfield code="z">West (U.S.)</subfield>
    <subfield code="v">Maps.</subfield>
  </datafield>
  <datafield tag="650" ind1=" " ind2="0">
    <subfield code="a">Railroads</subfield>
    <subfield code="z">West (U.S.)</subfield>
    <subfield code="v">Maps.</subfield>
  </datafield>
  <datafield tag="662" ind1=" " ind2=" ">
    <subfield code="a">United States</subfield>
    <subfield code="c">West.</subfield>
    <subfield code="2">lcsh</subfield>
  </datafield>
  <datafield tag="710" ind1="2" ind2=" ">
    <subfield code="a">Geological Survey (U.S.)</subfield>
  </datafield>
  <datafield tag="852" ind1=" " ind2=" ">
    <subfield code="a">Library of Congress</subfield>
    <subfield code="b">Geography and Map Division</subfield>
    <subfield code="e">Washington, D.C. 20540-4650 USA</subfield>
    <subfield code="n">dcu</subfield>
  </datafield>
  <datafield tag="985" ind1=" " ind2=" ">
    <subfield code="a">GMD/CT</subfield>
    <subfield code="e">ammem</subfield>
  </datafield>
</record>