
<record>
  <leader>01843cam a22004454a 4500</leader>
  <controlfield tag="001">15500986</controlfield>
  <controlfield tag="005">20200102120321.0</controlfield>
  <controlfield tag="008">080628s2008    cc af         000 0 chi d</controlfield>
  <datafield tag="906" ind1=" " ind2=" ">
    <subfield code="a">7</subfield>
    <subfield code="b">cbc</subfield>
    <subfield code="c">copycat</subfield>
    <subfield code="d">3</subfield>
    <subfield code="e">ncip</subfield>
    <subfield code="f">20</subfield>
    <subfield code="g">y-nonroman</subfield>
  </datafield>
  <datafield tag="925" ind1="0" ind2=" ">
    <subfield code="a">acquire</subfield>
    <subfield code="b">1 shelf copy</subfield>
    <subfield code="x">policy default</subfield>
  </datafield>
  <datafield tag="955" ind1=" " ind2=" ">
    <subfield code="a">CNP to LC 2008-10-28</subfield>
    <subfield code="i">cc09 2009-12-07</subfield>
    <subfield code="a">Barcode 00149425044 returned from bindery 2009-12-16</subfield>
  </datafield>
  <datafield tag="010" ind1=" " ind2=" ">
    <subfield code="a">  2008434061</subfield>
  </datafield>
  <datafield tag="020" ind1=" " ind2=" ">
    <subfield code="a">9787807463719</subfield>
  </datafield>
  <datafield tag="020" ind1=" " ind2=" ">
    <subfield code="a">7807463716</subfield>
  </datafield>
  <datafield tag="035" ind1=" " ind2=" ">
    <subfield code="a">(OCoLC)ocn244298826</subfield>
  </datafield>
  <datafield tag="040" ind1=" " ind2=" ">
    <subfield code="a">CNPIT</subfield>
    <subfield code="c">CNPIT</subfield>
    <subfield code="d">DLC</subfield>
  </datafield>
  <datafield tag="042" ind1=" " ind2=" ">
    <subfield code="a">lccopycat</subfield>
  </datafield>
  <datafield tag="043" ind1=" " ind2=" ">
    <subfield code="a">a-cc---</subfield>
  </datafield>
  <datafield tag="050" ind1="0" ind2="0">
    <subfield code="a">DS778.C593</subfield>
    <subfield code="b">Z4673 2008</subfield>
  </datafield>
  <datafield tag="066" ind1=" " ind2=" ">
    <subfield code="c">$1</subfield>
  </datafield>
  <datafield tag="245" ind1="0" ind2="0">
    <subfield code="6">880-01</subfield>
    <subfield code="a">Zhou Enlai yu Zhongguo mei shu =</subfield>
    <subfield code="b">Zhou Enlai and Chinese fine arts /</subfield>
    <subfield code="c">zhu bian Fan Di&apos;an, Chen Lüsheng ; zhi xing zhu bian Li Wanwan.</subfield>
  </datafield>
  <datafield tag="880" ind1="0" ind2="0">
    <subfield code="6">245-01/$1</subfield>
    <subfield code="a">周恩来与中国美术 =</subfield>
    <subfield code="b">Zhou Enlai and Chinese fine arts /</subfield>
    <subfield code="c">主编范迪安, 陈履生 ; 执行主编李万万.</subfield>
  </datafield>
  <datafield tag="246" ind1="3" ind2="1">
    <subfield code="a">Zhou Enlai and Chinese fine arts</subfield>
  </datafield>
  <datafield tag="250" ind1=" " ind2=" ">
    <subfield code="6">880-02</subfield>
    <subfield code="a">Di 1 ban.</subfield>
  </datafield>
  <datafield tag="880" ind1=" " ind2=" ">
    <subfield code="6">250-02/$1</subfield>
    <subfield code="a">第 1 版.</subfield>
  </datafield>
  <datafield tag="260" ind1=" " ind2=" ">
    <subfield code="6">880-03</subfield>
    <subfield code="a">Nanning Shi :</subfield>
    <subfield code="b">Guangxi mei shu chu ban she,</subfield>
    <subfield code="c">2008.</subfield>
  </datafield>
  <datafield tag="880" ind1=" " ind2=" ">
    <subfield code="6">260-03/$1</subfield>
    <subfield code="a">南宁市 :</subfield>
    <subfield code="b">广西美术出版社,</subfield>
    <subfield code="c">2008.</subfield>
  </datafield>
  <datafield tag="300" ind1=" " ind2=" ">
    <subfield code="a">[4], 455 p., [6] p. of plates :</subfield>
    <subfield code="b">ill. (some col.) ;</subfield>
    <subfield code="c">27 cm.</subfield>
  </datafield>
  <datafield tag="600" ind1="1" ind2="0">
    <subfield code="6">880-04</subfield>
    <subfield code="a">Zhou, Enlai,</subfield>
    <subfield code="d">1898-1976</subfield>
    <subfield code="x">Art patronage.</subfield>
  </datafield>
  <datafield tag="880" ind1="1" ind2="4">
    <subfield code="6">600-04/$1</subfield>
    <subfield code="a">周恩来,</subfield>
    <subfield code="d">1898-1976</subfield>
    <subfield code="x">Art patronage.</subfield>
  </datafield>
  <datafield tag="600" ind1="1" ind2="0">
    <subfield code="6">880-05</subfield>
    <subfield code="a">Zhou, Enlai,</subfield>
    <subfield code="d">1898-1976</subfield>
    <subfield code="v">Caricatures and cartoons.</subfield>
  </datafield>
  <datafield tag="880" ind1="1" ind2="4">
    <subfield code="6">600-05/$1</subfield>
    <subfield code="a">周恩来,</subfield>
    <subfield code="d">1898-1976</subfield>
    <subfield code="v">Caricatures and cartoons.</subfield>
  </datafield>
  <datafield tag="700" ind1="1" ind2=" ">
    <subfield code="6">880-06</subfield>
    <subfield code="a">Fan, Di&apos;an.</subfield>
  </datafield>
  <datafield tag="880" ind1="1" ind2=" ">
    <subfield code="6">700-06/$1</subfield>
    <subfield code="a">范迪安.</subfield>
  </datafield>
  <datafield tag="700" ind1="1" ind2=" ">
    <subfield code="6">880-07</subfield>
    <subfield code="a">Chen, Lüsheng.</subfield>
  </datafield>
  <datafield tag="880" ind1="1" ind2=" ">
    <subfield code="6">700-07/$1</subfield>
    <subfield code="a">陈履生.</subfield>
  </datafield>
  <datafield tag="700" ind1="1" ind2=" ">
    <subfield code="6">880-08</subfield>
    <subfield code="a">Li, Wanwan.</subfield>
  </datafield>
  <datafield tag="880" ind1="1" ind2=" ">
    <subfield code="6">700-08/$1</subfield>
    <subfield code="a">李万万.</subfield>
  </datafield>
  <datafield tag="923" ind1=" " ind2=" ">
    <subfield code="d">20081016</subfield>
    <subfield code="n">T200801308</subfield>
    <subfield code="s">CNP</subfield>
  </datafield>
  <datafield tag="985" ind1=" " ind2=" ">
    <subfield code="a">CNP load</subfield>
    <subfield code="d">2008-10-28</subfield>
  </datafield>
</record>