
<record>
  <leader>02512cjm a2200445 a 4500</leader>
  <controlfield tag="001">15622508</controlfield>
  <controlfield tag="005">20200102172524.0</controlfield>
  <controlfield tag="007">sd fsngnnmmneu</controlfield>
  <controlfield tag="008">090212s2008    xx sgn|           | ger d</controlfield>
  <datafield tag="906" ind1=" " ind2=" ">
    <subfield code="a">0</subfield>
    <subfield code="b">ibc</subfield>
    <subfield code="c">copycat</subfield>
    <subfield code="d">2</subfield>
    <subfield code="e">ncip</subfield>
    <subfield code="f">20</subfield>
    <subfield code="g">y-genmusic</subfield>
  </datafield>
  <datafield tag="925" ind1="0" ind2=" ">
    <subfield code="a">acquire</subfield>
    <subfield code="b">2 shelf copies</subfield>
    <subfield code="x">policy default</subfield>
  </datafield>
  <datafield tag="955" ind1=" " ind2=" ">
    <subfield code="a">vl34 2010-06-21 z-client</subfield>
    <subfield code="i">vl34 2010-06-2134 2010-06-21 to MBRS for shelf label</subfield>
  </datafield>
  <datafield tag="955" ind1=" " ind2=" ">
    <subfield code="a">hj07 2009-02-12 to MBRS</subfield>
  </datafield>
  <datafield tag="010" ind1=" " ind2=" ">
    <subfield code="a">  2010570190</subfield>
  </datafield>
  <datafield tag="024" ind1="7" ind2=" ">
    <subfield code="a">00409350834262</subfield>
    <subfield code="2">gtin-14</subfield>
  </datafield>
  <datafield tag="024" ind1="3" ind2=" ">
    <subfield code="a">4009350834262</subfield>
  </datafield>
  <datafield tag="028" ind1="0" ind2="2">
    <subfield code="a">Carus 83.426</subfield>
    <subfield code="b">Carus-Verlag</subfield>
  </datafield>
  <datafield tag="035" ind1=" " ind2=" ">
    <subfield code="a">(OCoLC)ocn275965132</subfield>
  </datafield>
  <datafield tag="035" ind1=" " ind2=" ">
    <subfield code="a">(OCoLC)275965132</subfield>
  </datafield>
  <datafield tag="040" ind1=" " ind2=" ">
    <subfield code="a">BTCTA</subfield>
    <subfield code="c">BTCTA</subfield>
    <subfield code="d">OCLCQ</subfield>
    <subfield code="d">MLCPP</subfield>
    <subfield code="d">RES</subfield>
    <subfield code="d">DLC</subfield>
  </datafield>
  <datafield tag="041" ind1="1" ind2=" ">
    <subfield code="a">ger</subfield>
    <subfield code="g">ger</subfield>
    <subfield code="g">eng</subfield>
    <subfield code="e">ger</subfield>
    <subfield code="e">eng</subfield>
    <subfield code="h">ger</subfield>
  </datafield>
  <datafield tag="042" ind1=" " ind2=" ">
    <subfield code="a">lccopycat</subfield>
  </datafield>
  <datafield tag="050" ind1="0" ind2="0">
    <subfield code="a">SDB</subfield>
  </datafield>
  <datafield tag="100" ind1="1" ind2=" ">
    <subfield code="a">Handel, George Frideric,</subfield>
    <subfield code="d">1685-1759.</subfield>
  </datafield>
  <datafield tag="240" ind1="1" ind2="0">
    <subfield code="a">Deutsche Arien</subfield>
  </datafield>
  <datafield tag="245" ind1="1" ind2="0">
    <subfield code="a">Neun deutsche Arien</subfield>
    <subfield code="h">[sound recording] /</subfield>
    <subfield code="c">Georg Friedrich Händel.</subfield>
  </datafield>
  <datafield tag="260" ind1=" " ind2=" ">
    <subfield code="a">[S.l.] :</subfield>
    <subfield code="b">Carus-Verlag,</subfield>
    <subfield code="c">p2008.</subfield>
  </datafield>
  <datafield tag="300" ind1=" " ind2=" ">
    <subfield code="a">1 sound disc :</subfield>
    <subfield code="b">digital ;</subfield>
    <subfield code="c">4 3/4 in.</subfield>
  </datafield>
  <datafield tag="546" ind1=" " ind2=" ">
    <subfield code="a">Sung in German.</subfield>
  </datafield>
  <datafield tag="511" ind1="0" ind2=" ">
    <subfield code="a">Monika Mauch, soprano ; l&apos;Arpa Festante ; Rien Voskuilen, conductor.</subfield>
  </datafield>
  <datafield tag="518" ind1=" " ind2=" ">
    <subfield code="a">Recorded Apr. 14-16 at the Evangelische Kirche Zwerenberg, Germany.</subfield>
  </datafield>
  <datafield tag="500" ind1=" " ind2=" ">
    <subfield code="a">Compact disc.</subfield>
  </datafield>
  <datafield tag="500" ind1=" " ind2=" ">
    <subfield code="a">Program notes in German and English (19 p.), including sung texts in German with English translation, inserted in container.</subfield>
  </datafield>
  <datafield tag="505" ind1="0" ind2="0">
    <subfield code="t">Süsser Blumen Ambraflocken (Aria no. 3), HWV 204</subfield>
    <subfield code="g">(6:10) ;</subfield>
    <subfield code="t">Meine Seele hört im Sehen (Aria no. 6), HWV 207</subfield>
    <subfield code="g">(5:59) ;</subfield>
    <subfield code="t">Süsse Stille, sanfte Quelle (Aria no. 4), HWV 205</subfield>
    <subfield code="g">(5:54) ;</subfield>
    <subfield code="t">Zitternde Glänzen (Aria no. 2), HWV 2003</subfield>
    <subfield code="g">(5:39) ;</subfield>
    <subfield code="t">Ihr aus dunkeln Grüften (Aria no. 7), HWV 208</subfield>
    <subfield code="g">(5:45) ;</subfield>
    <subfield code="t">Künft&apos; ger Zeiten eitler Kummer (Aria no. 1), HWV 202</subfield>
    <subfield code="g">(6:31) ;</subfield>
    <subfield code="t">Flammende Rose, zierde der Erden (Aria no. 9), HWV 210</subfield>
    <subfield code="g">(6:04) ;</subfield>
    <subfield code="t">Singe, Seele, Gott zum Preise (Aria no. 5), HWV 206</subfield>
    <subfield code="g">(4:56) ;</subfield>
    <subfield code="t">In den angenehmen Büschen (Aria no. 8), HWV 209</subfield>
    <subfield code="g">(3:27) /</subfield>
    <subfield code="r">Handel --</subfield>
    <subfield code="t">Geheimen Begebenheiten Henrico IV, Köings von Castilien und Leon.</subfield>
    <subfield code="t">In deinem schönen Mund</subfield>
    <subfield code="g">(2:26) ;</subfield>
    <subfield code="t">Endlich muss man doch entdecken</subfield>
    <subfield code="g">(2:50) ;</subfield>
    <subfield code="t">Ein hoher Geist</subfield>
    <subfield code="g">(2:16) /</subfield>
    <subfield code="r">Johann Mattheson.</subfield>
  </datafield>
  <datafield tag="650" ind1=" " ind2="0">
    <subfield code="a">Songs (High voice) with orchestra.</subfield>
  </datafield>
  <datafield tag="650" ind1=" " ind2="0">
    <subfield code="a">Songs, German.</subfield>
  </datafield>
  <datafield tag="700" ind1="1" ind2=" ">
    <subfield code="a">Mauch, Monika.</subfield>
    <subfield code="4">voc</subfield>
  </datafield>
  <datafield tag="700" ind1="1" ind2=" ">
    <subfield code="a">Voskuilen, Rien.</subfield>
    <subfield code="4">cnd</subfield>
  </datafield>
  <datafield tag="700" ind1="1" ind2="2">
    <subfield code="a">Mattheson, Johann,</subfield>
    <subfield code="d">1681-1764.</subfield>
    <subfield code="t">Geheimen Begebenheiten Henrico IV, Königs von Castilien und Leon.</subfield>
    <subfield code="k">Selections.</subfield>
  </datafield>
  <datafield tag="710" ind1="2" ind2=" ">
    <subfield code="a">Arpa festante (Musical group)</subfield>
    <subfield code="4">prf</subfield>
  </datafield>
</record>