
<record>
  <leader>01877cem a22004095a 4500</leader>
  <controlfield tag="001">15674558</controlfield>
  <controlfield tag="005">20200102151646.0</controlfield>
  <controlfield tag="007">aj aanzn</controlfield>
  <controlfield tag="007">cr |||||||||||</controlfield>
  <controlfield tag="008">090326s1770    xx i      a     0   fre d</controlfield>
  <datafield tag="906" ind1=" " ind2=" ">
    <subfield code="a">0</subfield>
    <subfield code="b">cbc</subfield>
    <subfield code="c">copycat</subfield>
    <subfield code="d">u</subfield>
    <subfield code="e">ncip</subfield>
    <subfield code="f">20</subfield>
    <subfield code="g">y-geogmaps</subfield>
  </datafield>
  <datafield tag="955" ind1=" " ind2=" ">
    <subfield code="a">ga34 2009-03-26</subfield>
  </datafield>
  <datafield tag="010" ind1=" " ind2=" ">
    <subfield code="a">  2009579465</subfield>
  </datafield>
  <datafield tag="040" ind1=" " ind2=" ">
    <subfield code="a">DLC</subfield>
    <subfield code="c">DLC</subfield>
  </datafield>
  <datafield tag="034" ind1="0" ind2=" ">
    <subfield code="a">a</subfield>
    <subfield code="d">W1250000</subfield>
    <subfield code="e">W1050000</subfield>
    <subfield code="f">N0540000</subfield>
    <subfield code="g">N0220000</subfield>
  </datafield>
  <datafield tag="050" ind1="0" ind2="0">
    <subfield code="a">G4050 1770</subfield>
    <subfield code="b">.R64</subfield>
  </datafield>
  <datafield tag="052" ind1=" " ind2=" ">
    <subfield code="a">4050</subfield>
  </datafield>
  <datafield tag="052" ind1=" " ind2=" ">
    <subfield code="a">4410</subfield>
  </datafield>
  <datafield tag="100" ind1="1" ind2=" ">
    <subfield code="a">Robert de Vaugondy, Didier,</subfield>
    <subfield code="d">1723-1786.</subfield>
  </datafield>
  <datafield tag="245" ind1="1" ind2="0">
    <subfield code="a">Carte de la Californie :</subfield>
    <subfield code="b">suivant I. la carte manuscrite de l&apos;Amérique de Mathieu Néron Pecci olen dresses à Florence en 1604, II. Sanson 1656, III. De l&apos;Isle Amérique Sept. 1700, IV. le Pere Kino Jesuite en 1705, V. la Société des Jésuites en 1767.</subfield>
  </datafield>
  <datafield tag="255" ind1=" " ind2=" ">
    <subfield code="a">Scales indeterminable</subfield>
    <subfield code="c">(W 125⁰--W 105⁰/N 54⁰--N 22⁰).</subfield>
  </datafield>
  <datafield tag="260" ind1=" " ind2=" ">
    <subfield code="a">[S.l. :</subfield>
    <subfield code="b">s.n.,</subfield>
    <subfield code="c">1770]</subfield>
  </datafield>
  <datafield tag="300" ind1=" " ind2=" ">
    <subfield code="a">1 map ;</subfield>
    <subfield code="c">29 x 38 cm.</subfield>
  </datafield>
  <datafield tag="500" ind1=" " ind2=" ">
    <subfield code="a">Relief shown pictorially.</subfield>
  </datafield>
  <datafield tag="500" ind1=" " ind2=" ">
    <subfield code="a">Shows 5 representations on 1 sheet of California, representing its delineation between 1604 and 1767.</subfield>
  </datafield>
  <datafield tag="500" ind1=" " ind2=" ">
    <subfield code="a">&quot;La côte orientale depuis le C. des Vierges jusqu&apos;à l&apos;embouchure du R. Colorado est extraite de la Carte du P. Ferdinand Gonsaque dressée en 1746.&quot;</subfield>
  </datafield>
  <datafield tag="500" ind1=" " ind2=" ">
    <subfield code="a">&quot;Suppl, 5e Carte.&quot;</subfield>
  </datafield>
  <datafield tag="500" ind1=" " ind2=" ">
    <subfield code="a">In lower right margin: 164.</subfield>
  </datafield>
  <datafield tag="530" ind1=" " ind2=" ">
    <subfield code="a">Available also through the Library of Congress Web site as a raster image.</subfield>
  </datafield>
  <datafield tag="651" ind1=" " ind2="0">
    <subfield code="a">West (U.S.)</subfield>
    <subfield code="v">Maps</subfield>
    <subfield code="y">Early works to 1800.</subfield>
  </datafield>
  <datafield tag="651" ind1=" " ind2="0">
    <subfield code="a">Mexico</subfield>
    <subfield code="v">Maps</subfield>
    <subfield code="y">Early works to 1800.</subfield>
  </datafield>
  <datafield tag="662" ind1=" " ind2=" ">
    <subfield code="a">United States</subfield>
    <subfield code="c">West.</subfield>
    <subfield code="2">lcsh</subfield>
  </datafield>
  <datafield tag="662" ind1=" " ind2=" ">
    <subfield code="a">Mexico.</subfield>
    <subfield code="2">naf</subfield>
  </datafield>
  <datafield tag="852" ind1="0" ind2=" ">
    <subfield code="a">Library of Congress</subfield>
    <subfield code="b">Geography and Map Division</subfield>
    <subfield code="e">Washington, D.C. 20540-4650 USA</subfield>
    <subfield code="n">dcu</subfield>
  </datafield>
  <datafield tag="856" ind1="4" ind2="1">
    <subfield code="d">g4050</subfield>
    <subfield code="f">ct011653</subfield>
    <subfield code="u">https://hdl.loc.gov/loc.gmd/g4050.ct011653</subfield>
    <subfield code="q">c</subfield>
  </datafield>
  <datafield tag="985" ind1=" " ind2=" ">
    <subfield code="a">GMD/CT</subfield>
    <subfield code="e">ammem</subfield>
  </datafield>
  <datafield tag="985" ind1=" " ind2=" ">
    <subfield code="a">GMD/GNRLMAP</subfield>
    <subfield code="e">ammem</subfield>
    <subfield code="h">20190111</subfield>
  </datafield>
</record>