
<record>
  <leader>02567cam a2200361 a 4500</leader>
  <controlfield tag="001">15946960</controlfield>
  <controlfield tag="005">20200102113404.0</controlfield>
  <controlfield tag="008">091015s2010    enkaf    b    001 0 eng  </controlfield>
  <datafield tag="906" ind1=" " ind2=" ">
    <subfield code="a">7</subfield>
    <subfield code="b">cbc</subfield>
    <subfield code="c">orignew</subfield>
    <subfield code="d">1</subfield>
    <subfield code="e">ecip</subfield>
    <subfield code="f">20</subfield>
    <subfield code="g">y-gencatlg</subfield>
  </datafield>
  <datafield tag="925" ind1="0" ind2=" ">
    <subfield code="a">acquire</subfield>
    <subfield code="b">2 shelf copies</subfield>
    <subfield code="x">policy default</subfield>
  </datafield>
  <datafield tag="955" ind1=" " ind2=" ">
    <subfield code="b">rc14 2009-10-15;</subfield>
    <subfield code="c">rc14 2009-10-15 to Subj.</subfield>
    <subfield code="d">rc15 2009-10-19 to SL</subfield>
    <subfield code="e">rc10 2009-10-19 to dewey</subfield>
    <subfield code="w">rd06 2009-10-20</subfield>
    <subfield code="a">xe03 2010-08-13 1 copy rec&apos;d., to CIP ver.</subfield>
    <subfield code="f">rc02 2010-08-17 CIP VER to BCCD</subfield>
    <subfield code="t">xg20 2011-01-10 copy 2 added</subfield>
    <subfield code="a">ti67 2020-01-02 reclassed from NX650.E7 E76 2009</subfield>
  </datafield>
  <datafield tag="010" ind1=" " ind2=" ">
    <subfield code="a">  2009043762</subfield>
  </datafield>
  <datafield tag="015" ind1=" " ind2=" ">
    <subfield code="a">GBB037982</subfield>
    <subfield code="2">bnb</subfield>
  </datafield>
  <datafield tag="016" ind1="7" ind2=" ">
    <subfield code="a">015506289</subfield>
    <subfield code="2">Uk</subfield>
  </datafield>
  <datafield tag="020" ind1=" " ind2=" ">
    <subfield code="a">9780754662143 (hardcover : alk. paper)</subfield>
  </datafield>
  <datafield tag="020" ind1=" " ind2=" ">
    <subfield code="a">0754662144 (hardcover : alk. paper)</subfield>
  </datafield>
  <datafield tag="035" ind1=" " ind2=" ">
    <subfield code="a">(OCoLC)ocn458583656</subfield>
  </datafield>
  <datafield tag="040" ind1=" " ind2=" ">
    <subfield code="a">DLC</subfield>
    <subfield code="c">DLC</subfield>
    <subfield code="d">YDX</subfield>
    <subfield code="d">ERASA</subfield>
    <subfield code="d">YDXCP</subfield>
    <subfield code="d">BWX</subfield>
    <subfield code="d">UKM</subfield>
    <subfield code="d">BWK</subfield>
    <subfield code="d">CDX</subfield>
    <subfield code="d">OKU</subfield>
    <subfield code="d">DLC</subfield>
  </datafield>
  <datafield tag="043" ind1=" " ind2=" ">
    <subfield code="a">e-it---</subfield>
  </datafield>
  <datafield tag="050" ind1="0" ind2="4">
    <subfield code="a">NX650.E7</subfield>
    <subfield code="b">E76 2010</subfield>
  </datafield>
  <datafield tag="245" ind1="0" ind2="0">
    <subfield code="a">Erotic cultures of Renaissance Italy /</subfield>
    <subfield code="c">edited by Sara F. Matthews-Grieco.</subfield>
  </datafield>
  <datafield tag="260" ind1=" " ind2=" ">
    <subfield code="a">Farnham, Surrey, England ;</subfield>
    <subfield code="a">Burlington, VT :</subfield>
    <subfield code="b">Ashgate,</subfield>
    <subfield code="c">c2010.</subfield>
  </datafield>
  <datafield tag="300" ind1=" " ind2=" ">
    <subfield code="a">xviii, 281 p., [28] p. of plates :</subfield>
    <subfield code="b">ill. (some col.) ;</subfield>
    <subfield code="c">26 cm.</subfield>
  </datafield>
  <datafield tag="490" ind1="1" ind2=" ">
    <subfield code="a">Visual culture in early modernity</subfield>
  </datafield>
  <datafield tag="504" ind1=" " ind2=" ">
    <subfield code="a">Includes bibliographical references and index.</subfield>
  </datafield>
  <datafield tag="505" ind1="0" ind2=" ">
    <subfield code="a">Hunting for birds in the Italian Renaissance / Guido Ruggiero -- Visual testimony and verbal games. Satyrs and sausages : erotic strategies and the print market in cinquecento Italy / Sara F. Matthews-Grieco -- The erotic fantasies of a model clerk : amateur pornography at the beginning of the cinquecento / Guido A. Guerzoni -- From roosters to cocks : Italian Renaissance fowl and sexuality / Allen J. Grieco -- &quot;The spirit is ready, but the flesh is tired&quot; : erotic objects and marriage in early modern Italy / Marta Ajmar-Wollheim -- Ritual eroticism and sociability. Public display of affection : the making of marriage in the Venetian courts before the Council of Trent (1420-1545) / Cecilia Cristellon -- Mail humour and male sociability : sexual innuendo in the epistolary domain of Franceso II Gonzaga / Molly Bourne -- Unlocking the gates of chastity : music and the erotic in the domestic sphere in fifteenth and sixteenth-century Italy / Flora Dennis -- Courtesan culture : manhood, honour, and sociability / Tessa Storey.</subfield>
  </datafield>
  <datafield tag="650" ind1=" " ind2="0">
    <subfield code="a">Sex in art.</subfield>
  </datafield>
  <datafield tag="650" ind1=" " ind2="0">
    <subfield code="a">Arts, Italian.</subfield>
  </datafield>
  <datafield tag="650" ind1=" " ind2="0">
    <subfield code="a">Arts, Renaissance.</subfield>
  </datafield>
  <datafield tag="650" ind1=" " ind2="0">
    <subfield code="a">Renaissance</subfield>
    <subfield code="z">Italy.</subfield>
  </datafield>
  <datafield tag="650" ind1=" " ind2="0">
    <subfield code="a">Arts and society</subfield>
    <subfield code="z">Italy.</subfield>
  </datafield>
  <datafield tag="700" ind1="1" ind2=" ">
    <subfield code="a">Matthews Grieco, Sara F.</subfield>
  </datafield>
  <datafield tag="830" ind1=" " ind2="0">
    <subfield code="a">Visual culture in early modernity.</subfield>
  </datafield>
</record>