
<record>
  <leader>03029cam a2200385 a 4500</leader>
  <controlfield tag="001">16069330</controlfield>
  <controlfield tag="005">20200102130211.0</controlfield>
  <controlfield tag="008">100126m20102015nju      b    001 0 eng d</controlfield>
  <datafield tag="906" ind1=" " ind2=" ">
    <subfield code="a">7</subfield>
    <subfield code="b">cbc</subfield>
    <subfield code="c">copycat</subfield>
    <subfield code="d">2</subfield>
    <subfield code="e">epcn</subfield>
    <subfield code="f">20</subfield>
    <subfield code="g">y-gencatlg</subfield>
  </datafield>
  <datafield tag="925" ind1="0" ind2=" ">
    <subfield code="a">acquire</subfield>
    <subfield code="b">1 shelf copy</subfield>
    <subfield code="x">policy default</subfield>
  </datafield>
  <datafield tag="925" ind1="1" ind2=" ">
    <subfield code="a">acquire</subfield>
    <subfield code="b">2 shelf copies</subfield>
    <subfield code="x">policy default</subfield>
  </datafield>
  <datafield tag="955" ind1=" " ind2=" ">
    <subfield code="a">pc22 2010-01-26</subfield>
    <subfield code="a">xh06 2011-06-01 to STM</subfield>
  </datafield>
  <datafield tag="955" ind1=" " ind2=" ">
    <subfield code="b">xj15 2011-06-15 z-processor</subfield>
    <subfield code="i">xj15 2011-06-15</subfield>
    <subfield code="a">xj15 2011-06-15 to Dewey</subfield>
    <subfield code="w">rd03 2011-07-20</subfield>
    <subfield code="t">xh58 2012-07-06 c. 2 added</subfield>
    <subfield code="c">rm14 2019-09-27 (added volume 2)</subfield>
    <subfield code="t">rm14 2020-01-02 (added copy 2 of volume 2)</subfield>
  </datafield>
  <datafield tag="010" ind1=" " ind2=" ">
    <subfield code="a">  2010921450</subfield>
  </datafield>
  <datafield tag="020" ind1=" " ind2=" ">
    <subfield code="a">1887554750</subfield>
  </datafield>
  <datafield tag="020" ind1=" " ind2=" ">
    <subfield code="a">9781887554756</subfield>
  </datafield>
  <datafield tag="035" ind1=" " ind2=" ">
    <subfield code="a">(OCoLC)ocn656424601</subfield>
  </datafield>
  <datafield tag="040" ind1=" " ind2=" ">
    <subfield code="a">LNH</subfield>
    <subfield code="c">LNH</subfield>
    <subfield code="d">DLC</subfield>
  </datafield>
  <datafield tag="042" ind1=" " ind2=" ">
    <subfield code="a">lccopycat</subfield>
  </datafield>
  <datafield tag="043" ind1=" " ind2=" ">
    <subfield code="a">n-us---</subfield>
    <subfield code="a">u-at---</subfield>
    <subfield code="a">u-nz---</subfield>
  </datafield>
  <datafield tag="050" ind1="0" ind2="0">
    <subfield code="a">HV9276</subfield>
    <subfield code="b">.R44 2010</subfield>
  </datafield>
  <datafield tag="082" ind1="0" ind2="0">
    <subfield code="a">365/.660871</subfield>
    <subfield code="2">23</subfield>
  </datafield>
  <datafield tag="245" ind1="0" ind2="0">
    <subfield code="a">Reentry planning for offenders with mental disorders :</subfield>
    <subfield code="b">policy and practice /</subfield>
    <subfield code="c">edited by Henry A. Dlugacz.</subfield>
  </datafield>
  <datafield tag="260" ind1=" " ind2=" ">
    <subfield code="a">Kingston, NJ :</subfield>
    <subfield code="b">Civic Research Institute,</subfield>
    <subfield code="c">c2010-2015.</subfield>
  </datafield>
  <datafield tag="300" ind1=" " ind2=" ">
    <subfield code="a">2 v. (various pagings) ;</subfield>
    <subfield code="c">26 cm.</subfield>
  </datafield>
  <datafield tag="504" ind1=" " ind2=" ">
    <subfield code="a">Includes bibliographical references and index.</subfield>
  </datafield>
  <datafield tag="505" ind1="0" ind2=" ">
    <subfield code="a">Volume 1. Part 1. Critical legal and policy issues. Sentencing in the United States / Jack B. Weinstein and Christopher Wimmer -- Legal standards for securing reentry services / Sarah Kerr and Amanda Lockshin -- Accessing public benefits : more advocacy than entitlement / C. Terence McCormick and Yvonne M. Perret -- Estimating costs of reentry programs for prisoners with severe mental illness / Linda K. Frisman, Jeffrey Swanson, Martha C. Marin and Erin Leavitt-Smith -- Important role of advocacy / Carol Carothers. Part 2. Model approaches to reentry planning. Critical time intervention / Jeffrey Draine and Daniel Herman -- Forensic assertive community treatment : origins, current practice, and future directions / J. Steven Lamberti and Robert L. Weisman -- A culturally competent approach to correctional adaptation / Merrill Rotter -- Prisoners with co-occurring substance abuse and mental disorders / Eugenia Curet, Herman Joseph and Ann B. Beeder -- Reentry as part of the recovery process / LaVerne D. Miller.  Part 3. Research and practice nexus. Community reintegration of prisoners with mental disabilities : Australian and New Zealand context / Astrid Birgden -- Mental health needs and services receipt of reentering offenders : multisite study of men, women, and male youth / Nahama Broner, Pamela K. Lattimore and Danielle M. Steffey.</subfield>
  </datafield>
  <datafield tag="650" ind1=" " ind2="0">
    <subfield code="a">Mentally ill offenders</subfield>
    <subfield code="x">Deinstitutionalization</subfield>
    <subfield code="z">United States.</subfield>
  </datafield>
  <datafield tag="650" ind1=" " ind2="0">
    <subfield code="a">Mentally ill offenders</subfield>
    <subfield code="x">Services for</subfield>
    <subfield code="z">United States.</subfield>
  </datafield>
  <datafield tag="650" ind1=" " ind2="0">
    <subfield code="a">Mentally ill offenders</subfield>
    <subfield code="x">Rehabilitation</subfield>
    <subfield code="z">United States.</subfield>
  </datafield>
  <datafield tag="650" ind1=" " ind2="0">
    <subfield code="a">Recidivism</subfield>
    <subfield code="z">United States</subfield>
    <subfield code="x">Prevention.</subfield>
  </datafield>
  <datafield tag="650" ind1=" " ind2="0">
    <subfield code="a">Mentally ill offenders</subfield>
    <subfield code="x">Deinstitutionalization</subfield>
    <subfield code="z">Australia.</subfield>
  </datafield>
  <datafield tag="650" ind1=" " ind2="0">
    <subfield code="a">Mentally ill offenders</subfield>
    <subfield code="x">Deinstitutionalization</subfield>
    <subfield code="z">New Zealand.</subfield>
  </datafield>
  <datafield tag="700" ind1="1" ind2=" ">
    <subfield code="a">Dlugacz, Henry A.</subfield>
  </datafield>
  <datafield tag="710" ind1="2" ind2=" ">
    <subfield code="a">Civic Research Institute.</subfield>
  </datafield>
</record>