
<record>
  <leader>00736cam a22002174a 4500</leader>
  <controlfield tag="001">16075994</controlfield>
  <controlfield tag="005">20200102114520.0</controlfield>
  <controlfield tag="008">091211s2009    ne            000 0 dut  </controlfield>
  <datafield tag="906" ind1=" " ind2=" ">
    <subfield code="a">7</subfield>
    <subfield code="b">cbc</subfield>
    <subfield code="c">origres</subfield>
    <subfield code="d">3</subfield>
    <subfield code="e">ncip</subfield>
    <subfield code="f">20</subfield>
    <subfield code="g">y-gencatlg</subfield>
  </datafield>
  <datafield tag="925" ind1="0" ind2=" ">
    <subfield code="a">acquire</subfield>
    <subfield code="b">1 shelf copy</subfield>
    <subfield code="x">policy default</subfield>
  </datafield>
  <datafield tag="955" ind1=" " ind2=" ">
    <subfield code="a">bd04 2010-02-22</subfield>
    <subfield code="a">bd00 2010-02-25</subfield>
    <subfield code="i">bd23 2010-03-04</subfield>
    <subfield code="a">Barcode 00305521024 returned from bindery 2010-04-02</subfield>
  </datafield>
  <datafield tag="010" ind1=" " ind2=" ">
    <subfield code="a">  2010366228</subfield>
  </datafield>
  <datafield tag="020" ind1=" " ind2=" ">
    <subfield code="a">9789045703084</subfield>
  </datafield>
  <datafield tag="035" ind1=" " ind2=" ">
    <subfield code="a">(CaONFCNI)ny11190755</subfield>
  </datafield>
  <datafield tag="040" ind1=" " ind2=" ">
    <subfield code="a">DLC</subfield>
    <subfield code="c">DLC</subfield>
  </datafield>
  <datafield tag="050" ind1="0" ind2="0">
    <subfield code="a">PT5881.1.R6</subfield>
    <subfield code="b">G42 2009</subfield>
  </datafield>
  <datafield tag="100" ind1="0" ind2=" ">
    <subfield code="a">Armando,</subfield>
    <subfield code="d">1929-2018.</subfield>
  </datafield>
  <datafield tag="245" ind1="1" ind2="0">
    <subfield code="a">Gedichten 2009 /</subfield>
    <subfield code="c">Armando.</subfield>
  </datafield>
  <datafield tag="260" ind1=" " ind2=" ">
    <subfield code="a">Amsterdam :</subfield>
    <subfield code="b">Augustus,</subfield>
    <subfield code="c">c2009.</subfield>
  </datafield>
  <datafield tag="300" ind1=" " ind2=" ">
    <subfield code="a">108 p. ;</subfield>
    <subfield code="c">23 cm.</subfield>
  </datafield>
  <datafield tag="923" ind1=" " ind2=" ">
    <subfield code="a">11190755</subfield>
    <subfield code="d">12-04-09</subfield>
    <subfield code="n">I-20030180</subfield>
    <subfield code="s">CaONFCNI</subfield>
  </datafield>
</record>