
<record>
  <leader>03033cam a22004334a 4500</leader>
  <controlfield tag="001">16102743</controlfield>
  <controlfield tag="005">20200102154449.0</controlfield>
  <controlfield tag="008">100202m20099999bw ab     e   000 0 ruso </controlfield>
  <datafield tag="906" ind1=" " ind2=" ">
    <subfield code="a">7</subfield>
    <subfield code="b">cbc</subfield>
    <subfield code="c">origres</subfield>
    <subfield code="d">2</subfield>
    <subfield code="e">ncip</subfield>
    <subfield code="f">20</subfield>
    <subfield code="g">y-gencatlg</subfield>
  </datafield>
  <datafield tag="925" ind1="0" ind2=" ">
    <subfield code="a">acquire</subfield>
    <subfield code="b">2 shelf copy</subfield>
    <subfield code="x">policy default</subfield>
  </datafield>
  <datafield tag="955" ind1=" " ind2=" ">
    <subfield code="b">fc10 2010-04-12 to ECE</subfield>
    <subfield code="a">fc00 2010-04-13 to GS/ECE</subfield>
    <subfield code="i">fc04 2010-04-16 to BCCD</subfield>
    <subfield code="c">fc70 2011-01-14 add v. 1, pt. 1-2 to GenColl to BCCD</subfield>
    <subfield code="a">fc00 2011-11-07 to GS/ECE</subfield>
    <subfield code="a">fc10 2011-02-28  ADDED VOLS. : t. 2, kn. 1</subfield>
    <subfield code="e">fc04 2011-11-07 to BCCD</subfield>
    <subfield code="a">fc10 2012-01-20 ADDED VOLS. : t. 2, kn. 2 to BCCD telework to Reference</subfield>
    <subfield code="t">fc10 2012-04-27 telework copy 2 to East Coast Slavic Consortium</subfield>
    <subfield code="a">fc69 2013-11-01 telework added vol. t.3, kn 1 to ECE</subfield>
    <subfield code="c">fc70 2014-01-24 add v. 3, pt. 1 to CALM</subfield>
    <subfield code="a">fc00 2014-02-07 to GS/ECE t. 3, kn. 2</subfield>
    <subfield code="c">fc70 2014-02-07 t. 3, kn. 2 to Reference</subfield>
    <subfield code="a">fc00 2015-01-23 to GS/ECE add c. 2, t. 3, kn. 2</subfield>
    <subfield code="c">fc70 2015-01-23 c. 2 t. 3, kn. 2 to GenColl</subfield>
    <subfield code="a">fc00 2015-05-08 v. 4, pt. 1 to GS/ECE</subfield>
    <subfield code="c">fc70 2015-05-08 add v. 4, pt. 1 to CALM/Reference</subfield>
    <subfield code="a">fc70 2016-02-05 add c. 2 v. 4 pt. 1</subfield>
    <subfield code="c">fc70 2016-02-05 add v. 4 pt. 1 c. 2 to GenColl</subfield>
    <subfield code="a">fc00 2016-03-02 to GS/ECE v. 4, pt. 2</subfield>
    <subfield code="c">fc70 2016-03-02 v. 4, pt. 2 to Reference</subfield>
    <subfield code="t">fc70 2016-03-11 v. 4, pt. 1, c. 3 to East Coast Slavic Consortium</subfield>
    <subfield code="t">fc70 2016-09-02 c. 2, v. 4, pt. 2 to GenColl</subfield>
    <subfield code="a">fc00 2018-01-12 to GS/ECE v. 5, pt. 1</subfield>
    <subfield code="c">fc70 2018-01-12 add v. 5, pt. 1 to CALM/Reference</subfield>
    <subfield code="a">fc00 2018-03-16 to GS/ECE v. 5, pt. 2</subfield>
    <subfield code="c">fc70 2018-03-16 add v. 5, pt. 2 to CALM/REFERENCE</subfield>
    <subfield code="a">fc00 2020-01-02 to GS/ECE v. 5, pt. 3 added to CALM/REFERENCE</subfield>
  </datafield>
  <datafield tag="955" ind1=" " ind2=" ">
    <subfield code="a">NOTE: send c. 1 to Reference and c. 2 to GenColl</subfield>
  </datafield>
  <datafield tag="010" ind1=" " ind2=" ">
    <subfield code="a">  2009672455</subfield>
  </datafield>
  <datafield tag="020" ind1=" " ind2=" ">
    <subfield code="a">9789851104631 (set)</subfield>
  </datafield>
  <datafield tag="020" ind1=" " ind2=" ">
    <subfield code="a">9789851104648 (t. 1, kn. 1)</subfield>
  </datafield>
  <datafield tag="020" ind1=" " ind2=" ">
    <subfield code="a">9789851104754 (t. 1, kn. 2)</subfield>
  </datafield>
  <datafield tag="020" ind1=" " ind2=" ">
    <subfield code="a">9789851105256 (t. 2, kn. 1)</subfield>
  </datafield>
  <datafield tag="020" ind1=" " ind2=" ">
    <subfield code="a">9789851105621 (t. 2, kn. 2)</subfield>
  </datafield>
  <datafield tag="020" ind1=" " ind2=" ">
    <subfield code="a">9789851106178 (t. 3, kn. 1)</subfield>
  </datafield>
  <datafield tag="020" ind1=" " ind2=" ">
    <subfield code="a">9789851105966 (t. 3, kn. 2)</subfield>
  </datafield>
  <datafield tag="020" ind1=" " ind2=" ">
    <subfield code="a">9789851108233 (t. 4, kn. 1)</subfield>
  </datafield>
  <datafield tag="020" ind1=" " ind2=" ">
    <subfield code="a">9789851108844 (t. 4, kn. 2)</subfield>
  </datafield>
  <datafield tag="020" ind1=" " ind2=" ">
    <subfield code="a">9789851109490 (t. 5, kn. 1)</subfield>
  </datafield>
  <datafield tag="020" ind1=" " ind2=" ">
    <subfield code="a">9789851109889 (t. 5, kn. 2)</subfield>
  </datafield>
  <datafield tag="020" ind1=" " ind2=" ">
    <subfield code="a">9789851111110 (t. 5, kn. 3)</subfield>
  </datafield>
  <datafield tag="040" ind1=" " ind2=" ">
    <subfield code="a">DLC</subfield>
    <subfield code="c">DLC</subfield>
    <subfield code="d">DLC</subfield>
  </datafield>
  <datafield tag="043" ind1=" " ind2=" ">
    <subfield code="a">e-bw---</subfield>
  </datafield>
  <datafield tag="050" ind1="0" ind2="0">
    <subfield code="a">DK507</subfield>
    <subfield code="b">.R44 2009</subfield>
  </datafield>
  <datafield tag="245" ind1="0" ind2="0">
    <subfield code="a">Regiony Belarusi :</subfield>
    <subfield code="b">ėnt︠s︡iklopedii︠a︡ v semi tomakh /</subfield>
    <subfield code="c">[redakt︠s︡ionnai︠a︡ kollegi︠a︡ T.V. Belova ... et al.].</subfield>
  </datafield>
  <datafield tag="260" ind1=" " ind2=" ">
    <subfield code="a">Minsk :</subfield>
    <subfield code="b">Belaruskai︠a︡ ėnt︠s︡yklapedyi︠a︡ imi︠a︡ Petrusi︠a︡ Broŭki,</subfield>
    <subfield code="c">2009-&lt;2019&gt;</subfield>
  </datafield>
  <datafield tag="300" ind1=" " ind2=" ">
    <subfield code="a">v. &lt;1-5, pt. 3; in 11&gt; :</subfield>
    <subfield code="b">ill., maps ;</subfield>
    <subfield code="c">27 cm.</subfield>
  </datafield>
  <datafield tag="500" ind1=" " ind2=" ">
    <subfield code="a">Editors vary.</subfield>
  </datafield>
  <datafield tag="505" ind1="1" ind2=" ">
    <subfield code="a">t. 1., kn. 1-2. Brestskai︠a︡ oblastʹ -- t. 2., kn. 1-2. Vitebskai︠a︡ oblastʹ -- t. 3., kn. 1-2. Gomelʹskai︠a︡ oblastʹ -- t. 4, kn. 1-2. Grodnenskai︠a︡ oblastʹ -- t. 5, kn. 1-3. Minskai︠a︡ oblastʹ</subfield>
  </datafield>
  <datafield tag="651" ind1=" " ind2="0">
    <subfield code="a">Belarus</subfield>
    <subfield code="v">Encyclopedias.</subfield>
  </datafield>
  <datafield tag="651" ind1=" " ind2="0">
    <subfield code="a">Belarus</subfield>
    <subfield code="x">History, Local.</subfield>
  </datafield>
  <datafield tag="700" ind1="1" ind2=" ">
    <subfield code="a">Belova, T. V.</subfield>
  </datafield>
  <datafield tag="923" ind1=" " ind2=" ">
    <subfield code="d">20100127</subfield>
    <subfield code="n">10047753</subfield>
    <subfield code="s">RuMoEVIS</subfield>
  </datafield>
  <datafield tag="923" ind1=" " ind2=" ">
    <subfield code="d">20131129</subfield>
    <subfield code="n">10106440</subfield>
    <subfield code="s">RuMoEVIS</subfield>
  </datafield>
  <datafield tag="985" ind1=" " ind2=" ">
    <subfield code="e">VENDOR LOAD</subfield>
  </datafield>
</record>