
<record>
  <leader>02792cam a2200481 i 4500</leader>
  <controlfield tag="001">16129801</controlfield>
  <controlfield tag="005">20200102005135.0</controlfield>
  <controlfield tag="008">100311s2009    ir       b    000 0 per  </controlfield>
  <datafield tag="906" ind1=" " ind2=" ">
    <subfield code="a">7</subfield>
    <subfield code="b">cbc</subfield>
    <subfield code="c">origode</subfield>
    <subfield code="d">3</subfield>
    <subfield code="e">ncip</subfield>
    <subfield code="f">20</subfield>
    <subfield code="g">y-nonroman</subfield>
  </datafield>
  <datafield tag="925" ind1="0" ind2=" ">
    <subfield code="a">acquire</subfield>
    <subfield code="b">1 shelf copy</subfield>
    <subfield code="x">policy default</subfield>
  </datafield>
  <datafield tag="955" ind1=" " ind2=" ">
    <subfield code="b">wk33 2010-03-11</subfield>
    <subfield code="i">wk29 2012-04-11 to AMED</subfield>
  </datafield>
  <datafield tag="010" ind1=" " ind2=" ">
    <subfield code="a">  2010341515</subfield>
  </datafield>
  <datafield tag="020" ind1=" " ind2=" ">
    <subfield code="a">9789645311993</subfield>
  </datafield>
  <datafield tag="025" ind1=" " ind2=" ">
    <subfield code="a">Ir-P-2010341515; 22</subfield>
  </datafield>
  <datafield tag="040" ind1=" " ind2=" ">
    <subfield code="a">DLC</subfield>
    <subfield code="b">eng</subfield>
    <subfield code="e">rda</subfield>
    <subfield code="c">DLC</subfield>
  </datafield>
  <datafield tag="042" ind1=" " ind2=" ">
    <subfield code="a">lcode</subfield>
    <subfield code="a">pcc</subfield>
  </datafield>
  <datafield tag="050" ind1="0" ind2="0">
    <subfield code="a">HQ1190</subfield>
    <subfield code="b">.D39 2009</subfield>
  </datafield>
  <datafield tag="066" ind1=" " ind2=" ">
    <subfield code="c">(3</subfield>
    <subfield code="c">(4</subfield>
  </datafield>
  <datafield tag="100" ind1="1" ind2=" ">
    <subfield code="6">880-01</subfield>
    <subfield code="a">Dawlatī, Ghazālah,</subfield>
    <subfield code="d">1980 or 1981-</subfield>
    <subfield code="e">author.</subfield>
  </datafield>
  <datafield tag="880" ind1="1" ind2=" ">
    <subfield code="6">100-01/(3/r‏</subfield>
    <subfield code="a">‏دولتى، غزاله.</subfield>
  </datafield>
  <datafield tag="245" ind1="1" ind2="0">
    <subfield code="6">880-02</subfield>
    <subfield code="a">Barʹrasī-i mabānī-i falsafī, akhlāqī, kalāmī va ās̲ār-i ʻamalī-i fimīnīsm /</subfield>
    <subfield code="c">nivīsandigān-i, Ghazālah Dawlatī, Hālah Ḥusaynī Akbarʹnizhād, Ḥūrīyah Ḥusaynī Akbarʹnizhād.</subfield>
  </datafield>
  <datafield tag="880" ind1="1" ind2="0">
    <subfield code="6">245-02/(3/r‏</subfield>
    <subfield code="a">‏بر‌رسى مبانى فلسفى، اخلاقى، کلامى و آثار عملى فمينيسم /‏</subfield>
    <subfield code="c">‏نويسندگان، غزاله دولتى، هاله حسينى اکبر‌نژاد، حوريه حسينى اکبر‌نژاد.</subfield>
  </datafield>
  <datafield tag="250" ind1=" " ind2=" ">
    <subfield code="6">880-03</subfield>
    <subfield code="a">Chāp-i avval.</subfield>
  </datafield>
  <datafield tag="880" ind1=" " ind2=" ">
    <subfield code="6">250-03/(4/r‏</subfield>
    <subfield code="a">‏چاپ اول.</subfield>
  </datafield>
  <datafield tag="264" ind1=" " ind2="1">
    <subfield code="6">880-04</subfield>
    <subfield code="a">Tihrān :</subfield>
    <subfield code="b">Muʻāvanat-i Pizhūhishī-i Nihād-i Namāyandagī-i Maqām-i Muʻaẓẓam-i Rahbarī dar Dānishgāhhā ;</subfield>
    <subfield code="a">Qum :</subfield>
    <subfield code="b">Daftar-i Nashr-i Maʻārif,</subfield>
    <subfield code="c">1388 [2009 or 2010]</subfield>
  </datafield>
  <datafield tag="880" ind1=" " ind2="1">
    <subfield code="6">264-04/(3/r‏</subfield>
    <subfield code="a">‏تهران :‏</subfield>
    <subfield code="b">‏معاونت پژوهشى نهاد نمايندگى مقام معظم رهبرى در دانشگاها ؛‏</subfield>
    <subfield code="a">‏قم :‏</subfield>
    <subfield code="b">‏دفتر نشر معارف،‏</subfield>
    <subfield code="c">‏1388 [2009 or 2010].</subfield>
  </datafield>
  <datafield tag="300" ind1=" " ind2=" ">
    <subfield code="a">344 pages ;</subfield>
    <subfield code="c">23 cm</subfield>
  </datafield>
  <datafield tag="336" ind1=" " ind2=" ">
    <subfield code="a">text</subfield>
    <subfield code="b">txt</subfield>
    <subfield code="2">rdacontent</subfield>
  </datafield>
  <datafield tag="337" ind1=" " ind2=" ">
    <subfield code="a">unmediated</subfield>
    <subfield code="b">n</subfield>
    <subfield code="2">rdamedia</subfield>
  </datafield>
  <datafield tag="338" ind1=" " ind2=" ">
    <subfield code="a">volume</subfield>
    <subfield code="b">nc</subfield>
    <subfield code="2">rdacarrier</subfield>
  </datafield>
  <datafield tag="504" ind1=" " ind2=" ">
    <subfield code="a">Includes bibliographical references (pages 341-344).</subfield>
  </datafield>
  <datafield tag="546" ind1=" " ind2=" ">
    <subfield code="a">In Persian.</subfield>
  </datafield>
  <datafield tag="650" ind1=" " ind2="0">
    <subfield code="a">Feminist theory.</subfield>
  </datafield>
  <datafield tag="650" ind1=" " ind2="0">
    <subfield code="a">Feminism.</subfield>
  </datafield>
  <datafield tag="700" ind1="1" ind2=" ">
    <subfield code="6">880-05</subfield>
    <subfield code="a">Ḥusaynī Akbarʹnizhād, Hālah,</subfield>
    <subfield code="d">1981 or 1982-</subfield>
    <subfield code="e">author.</subfield>
  </datafield>
  <datafield tag="880" ind1="1" ind2=" ">
    <subfield code="6">700-05/(3/r‏</subfield>
    <subfield code="a">‏حسينى اکبر‌نژاد، هاله.</subfield>
  </datafield>
  <datafield tag="700" ind1="1" ind2=" ">
    <subfield code="6">880-06</subfield>
    <subfield code="a">Ḥusaynī Akbarʹnizhād, Ḥūrīyah,</subfield>
    <subfield code="d">1981 or 1982-</subfield>
    <subfield code="e">author.</subfield>
  </datafield>
  <datafield tag="880" ind1="1" ind2=" ">
    <subfield code="6">700-06/(3/r‏</subfield>
    <subfield code="a">‏حسينى اکبر‌نژاد، حوريه.</subfield>
  </datafield>
  <datafield tag="710" ind1="2" ind2=" ">
    <subfield code="6">880-07</subfield>
    <subfield code="a">Nihād-i Namāyandagī-i Maqām-i Muʻaẓẓam-i Rahbarī dar Dānishgāhhā.</subfield>
    <subfield code="b">Muʻāvanat-i Pizhūhishī,</subfield>
    <subfield code="e">publisher.</subfield>
  </datafield>
  <datafield tag="880" ind1="2" ind2=" ">
    <subfield code="6">710-07/(3/r‏</subfield>
    <subfield code="a">‏نهاد نمايندگى مقام معظم رهبرى در دانشگاها.‏</subfield>
    <subfield code="b">‏معاونت پژوهشى.</subfield>
  </datafield>
  <datafield tag="710" ind1="2" ind2=" ">
    <subfield code="6">880-08</subfield>
    <subfield code="a">Maʻārif (Firm),</subfield>
    <subfield code="e">publisher.</subfield>
  </datafield>
  <datafield tag="880" ind1="2" ind2=" ">
    <subfield code="6">710-08/(3/r‏</subfield>
    <subfield code="a">‏معارف (شرکت)</subfield>
  </datafield>
  <datafield tag="985" ind1=" " ind2=" ">
    <subfield code="e">ODE-is</subfield>
  </datafield>
</record>