
<record>
  <leader>02196cam a2200361 a 4500</leader>
  <controlfield tag="001">16290993</controlfield>
  <controlfield tag="005">20200102091134.0</controlfield>
  <controlfield tag="008">100618s2010    nyua     b    001 0 eng  </controlfield>
  <datafield tag="906" ind1=" " ind2=" ">
    <subfield code="a">7</subfield>
    <subfield code="b">cbc</subfield>
    <subfield code="c">orignew</subfield>
    <subfield code="d">1</subfield>
    <subfield code="e">ecip</subfield>
    <subfield code="f">20</subfield>
    <subfield code="g">y-gencatlg</subfield>
  </datafield>
  <datafield tag="925" ind1="0" ind2=" ">
    <subfield code="a">acquire</subfield>
    <subfield code="b">2 shelf copies</subfield>
    <subfield code="x">policy default</subfield>
  </datafield>
  <datafield tag="955" ind1=" " ind2=" ">
    <subfield code="b">xg08 2010-06-18</subfield>
    <subfield code="i">xg08 2010-06-18</subfield>
    <subfield code="e">xg12 2010-06-18 telework to Dewey</subfield>
    <subfield code="w">rb07 2010-06-23</subfield>
    <subfield code="a">xg13 2011-02-24 1 copy rec&apos;d., to CIP ver.</subfield>
    <subfield code="f">xg11 2011-02-26 to LL</subfield>
    <subfield code="a">hh20 12-11-2019 on order for LAW</subfield>
  </datafield>
  <datafield tag="010" ind1=" " ind2=" ">
    <subfield code="a">  2010026148</subfield>
  </datafield>
  <datafield tag="020" ind1=" " ind2=" ">
    <subfield code="a">9781617289897 (hardcover)</subfield>
  </datafield>
  <datafield tag="040" ind1=" " ind2=" ">
    <subfield code="a">DLC</subfield>
    <subfield code="c">DLC</subfield>
    <subfield code="d">DLC</subfield>
  </datafield>
  <datafield tag="042" ind1=" " ind2=" ">
    <subfield code="a">pcc</subfield>
  </datafield>
  <datafield tag="043" ind1=" " ind2=" ">
    <subfield code="a">n-us---</subfield>
  </datafield>
  <datafield tag="050" ind1="0" ind2="0">
    <subfield code="a">KF4958</subfield>
    <subfield code="b">.H68 2010</subfield>
  </datafield>
  <datafield tag="082" ind1="0" ind2="0">
    <subfield code="a">342.73/062</subfield>
    <subfield code="2">22</subfield>
  </datafield>
  <datafield tag="245" ind1="0" ind2="0">
    <subfield code="a">House and Senate role in judicial impeachment proceedings /</subfield>
    <subfield code="c">editors, Richard C. Grant.</subfield>
  </datafield>
  <datafield tag="260" ind1=" " ind2=" ">
    <subfield code="a">Hauppauge, N.Y. :</subfield>
    <subfield code="b">Nova Science Publishers,</subfield>
    <subfield code="c">c2010.</subfield>
  </datafield>
  <datafield tag="300" ind1=" " ind2=" ">
    <subfield code="a">ix, 257 p. :</subfield>
    <subfield code="b">ill. ;</subfield>
    <subfield code="c">26 cm.</subfield>
  </datafield>
  <datafield tag="504" ind1=" " ind2=" ">
    <subfield code="a">Includes bibliographical references and index.</subfield>
  </datafield>
  <datafield tag="505" ind1="0" ind2=" ">
    <subfield code="a">The role of the House of Representatives in judicial impeachment proceedings : procedure, practice, and data / Susan Navarro Smelcer and Betsy Palmer -- The role of the Senate in judicial impeachment proceedings : procedure, practice, and data / Susan Navarro Smelcer -- Impeachment : an overview of constitutional provisions, procedure, and practice / Elizabeth B. Bazan and Anna C. Henning -- Impeachment of G. Thomas Porteous, Jr., Judge of the United States District Court for the Eastern District of Louisiana (111th Congress, House of Representatives) -- Impeachment of Judge Samuel B. Kent (111th Congress, House of Representatives).</subfield>
  </datafield>
  <datafield tag="650" ind1=" " ind2="0">
    <subfield code="a">Impeachments</subfield>
    <subfield code="z">United States.</subfield>
  </datafield>
  <datafield tag="650" ind1=" " ind2="0">
    <subfield code="a">Judges</subfield>
    <subfield code="x">Dismissal of</subfield>
    <subfield code="z">United States.</subfield>
  </datafield>
  <datafield tag="650" ind1=" " ind2="0">
    <subfield code="a">Legislative bodies as courts</subfield>
    <subfield code="z">United States.</subfield>
  </datafield>
  <datafield tag="600" ind1="1" ind2="0">
    <subfield code="a">Porteous, G. Thomas,</subfield>
    <subfield code="c">Jr.,</subfield>
    <subfield code="d">1946-</subfield>
    <subfield code="x">Impeachment.</subfield>
  </datafield>
  <datafield tag="600" ind1="1" ind2="0">
    <subfield code="a">Kent, Samuel B.</subfield>
    <subfield code="x">Impeachment.</subfield>
  </datafield>
  <datafield tag="700" ind1="1" ind2=" ">
    <subfield code="a">Grant, Richard C.</subfield>
  </datafield>
  <datafield tag="710" ind1="2" ind2=" ">
    <subfield code="a">Library of Congress.</subfield>
    <subfield code="b">Congressional Research Service.</subfield>
  </datafield>
  <datafield tag="710" ind1="1" ind2=" ">
    <subfield code="a">United States.</subfield>
    <subfield code="b">Congress.</subfield>
    <subfield code="b">House.</subfield>
    <subfield code="b">Committee on the Judiciary.</subfield>
  </datafield>
  <datafield tag="923" ind1=" " ind2=" ">
    <subfield code="a">Purchase</subfield>
    <subfield code="d">20191211</subfield>
    <subfield code="n">321385</subfield>
    <subfield code="s">Nova Science Publishers (Canceled)</subfield>
  </datafield>
  <datafield tag="923" ind1=" " ind2=" ">
    <subfield code="a">Purchase</subfield>
    <subfield code="d">20200102</subfield>
    <subfield code="i">Filed under Law FY20</subfield>
    <subfield code="n">347724</subfield>
    <subfield code="s">Alibris</subfield>
  </datafield>
</record>