
<record>
  <leader>02527ccm a2200433 a 4500</leader>
  <controlfield tag="001">16340752</controlfield>
  <controlfield tag="005">20200102165141.0</controlfield>
  <controlfield tag="008">100720s2006    nyuuua|        n  | zxx d</controlfield>
  <datafield tag="906" ind1=" " ind2=" ">
    <subfield code="a">7</subfield>
    <subfield code="b">cbc</subfield>
    <subfield code="c">copycat</subfield>
    <subfield code="d">2</subfield>
    <subfield code="e">ncip</subfield>
    <subfield code="f">20</subfield>
    <subfield code="g">y-genmusic</subfield>
  </datafield>
  <datafield tag="925" ind1="0" ind2=" ">
    <subfield code="a">acquire</subfield>
    <subfield code="b">1 shelf copy</subfield>
    <subfield code="x">policy default</subfield>
  </datafield>
  <datafield tag="955" ind1=" " ind2=" ">
    <subfield code="a">vl00 2010-07-20</subfield>
    <subfield code="a">vk67 2010-07-20 z-client</subfield>
    <subfield code="i">vk67 2010-07-20</subfield>
    <subfield code="e">vl34 2010-07-26 v. 2 to Music Division</subfield>
    <subfield code="t">vl34 2010-07-26 c. 2, v. 2 to Music Division</subfield>
    <subfield code="e">vl39 2010-07-29 to BCCD v. 2, 2 copies</subfield>
    <subfield code="c">vk13 2012-08-13 v. 1 (2 copies) added</subfield>
    <subfield code="e">vl34 2012-08-14 c. 1, v. 1 to Music Division</subfield>
    <subfield code="t">vl34 2012-08-14 c. 2, v. 1 to Music Division</subfield>
    <subfield code="e">vl39 2012-08-16 to BCCD v.1, 2 copies</subfield>
  </datafield>
  <datafield tag="010" ind1=" " ind2=" ">
    <subfield code="a">  2010563588</subfield>
  </datafield>
  <datafield tag="020" ind1=" " ind2=" ">
    <subfield code="a">0825865166</subfield>
  </datafield>
  <datafield tag="020" ind1=" " ind2=" ">
    <subfield code="a">9780825865169</subfield>
  </datafield>
  <datafield tag="020" ind1=" " ind2=" ">
    <subfield code="a">0825865174</subfield>
  </datafield>
  <datafield tag="020" ind1=" " ind2=" ">
    <subfield code="a">9780825865176</subfield>
  </datafield>
  <datafield tag="024" ind1="1" ind2=" ">
    <subfield code="a">798408065164</subfield>
  </datafield>
  <datafield tag="024" ind1="1" ind2=" ">
    <subfield code="a">798408065171</subfield>
  </datafield>
  <datafield tag="024" ind1="2" ind2=" ">
    <subfield code="a">M800008009</subfield>
  </datafield>
  <datafield tag="024" ind1="2" ind2=" ">
    <subfield code="a">M800008016</subfield>
  </datafield>
  <datafield tag="024" ind1="3" ind2=" ">
    <subfield code="a">9790800008009</subfield>
  </datafield>
  <datafield tag="024" ind1="3" ind2=" ">
    <subfield code="a">9790800008016</subfield>
  </datafield>
  <datafield tag="028" ind1="3" ind2="2">
    <subfield code="a">WF69</subfield>
    <subfield code="b">Capo Tasto Music</subfield>
  </datafield>
  <datafield tag="028" ind1="3" ind2="0">
    <subfield code="a">WF70</subfield>
    <subfield code="b">Capo Tasto Music</subfield>
  </datafield>
  <datafield tag="035" ind1=" " ind2=" ">
    <subfield code="a">(OCoLC)ocn227343705</subfield>
  </datafield>
  <datafield tag="035" ind1=" " ind2=" ">
    <subfield code="a">(OCoLC)227343705</subfield>
  </datafield>
  <datafield tag="040" ind1=" " ind2=" ">
    <subfield code="a">INT</subfield>
    <subfield code="c">INT</subfield>
    <subfield code="d">OCLCA</subfield>
    <subfield code="d">DLC</subfield>
  </datafield>
  <datafield tag="042" ind1=" " ind2=" ">
    <subfield code="a">lccopycat</subfield>
  </datafield>
  <datafield tag="048" ind1=" " ind2=" ">
    <subfield code="a">ba01</subfield>
    <subfield code="a">ka01</subfield>
  </datafield>
  <datafield tag="050" ind1="0" ind2="0">
    <subfield code="a">M258.S38</subfield>
    <subfield code="b">T96 2006</subfield>
  </datafield>
  <datafield tag="100" ind1="1" ind2=" ">
    <subfield code="a">Schubert, Franz,</subfield>
    <subfield code="d">1797-1828.</subfield>
  </datafield>
  <datafield tag="240" ind1="1" ind2="0">
    <subfield code="a">Songs.</subfield>
    <subfield code="k">Selections;</subfield>
    <subfield code="o">arranged</subfield>
  </datafield>
  <datafield tag="245" ind1="1" ind2="0">
    <subfield code="a">Twenty-one lieder for horn and piano /</subfield>
    <subfield code="c">Franz Schubert ; transcribed and edited by Kazimierz Machala.</subfield>
  </datafield>
  <datafield tag="260" ind1=" " ind2=" ">
    <subfield code="a">New York, NY :</subfield>
    <subfield code="b">Capo Tasto Music :</subfield>
    <subfield code="b">Exclusively distributed by Carl Fischer,</subfield>
    <subfield code="c">c2006.</subfield>
  </datafield>
  <datafield tag="300" ind1=" " ind2=" ">
    <subfield code="a">1 score (2 v.) + 1 part (2 v.) ;</subfield>
    <subfield code="c">31 cm.</subfield>
  </datafield>
  <datafield tag="505" ind1="0" ind2=" ">
    <subfield code="a">V. 1. Wohin? = Whither? ; Du bist die Ruh = My peace thou art ; Liebe schwärmt auf allen Wegen = Love wanders on every road ; Frühlingssehnsucht = Springtide longings ; Wiegenlied = Cradle song ; Heiden-Röslein = Hedge roses ; Gretchen am Spinnrade = Margaret at the spinning wheel ; Die Forelle = The trout ; An die Musik = To music ; Ellens zweiter Gesang = Ellen&apos;s second song ; Nacht und Träume = Night and dreams -- V. 2. Rastlose Liebe = Restless love ; Ständchen = Serenade ; Rückblick = Looking back ; Am Meer = By the sea ; Der Musensohn = The son of the muse ; Der Einsame = The solitary ; Die Post = The post ; Der Lindenbaum = The linden tree ; Auf dem Wasser zu singen = To be sung on the water ; Litanei auf dem Fest aller Seelen = Litany for the Feast of All Souls.</subfield>
  </datafield>
  <datafield tag="650" ind1=" " ind2="0">
    <subfield code="a">Horn and piano music, Arranged</subfield>
    <subfield code="v">Scores and parts.</subfield>
  </datafield>
  <datafield tag="650" ind1=" " ind2="0">
    <subfield code="a">Songs</subfield>
    <subfield code="v">Instrumental settings.</subfield>
  </datafield>
  <datafield tag="700" ind1="1" ind2=" ">
    <subfield code="a">Machala, Kazimierz.</subfield>
    <subfield code="4">arr</subfield>
  </datafield>
</record>