
<record>
  <leader>01018ccm a2200265 a 4500</leader>
  <controlfield tag="001">16351270</controlfield>
  <controlfield tag="005">20200102141418.0</controlfield>
  <controlfield tag="008">100727s2005    xx zza|        n  | zxx d</controlfield>
  <datafield tag="906" ind1=" " ind2=" ">
    <subfield code="a">7</subfield>
    <subfield code="b">cbc</subfield>
    <subfield code="c">copycat</subfield>
    <subfield code="d">2</subfield>
    <subfield code="e">ncip</subfield>
    <subfield code="f">20</subfield>
    <subfield code="g">y-genmusic</subfield>
  </datafield>
  <datafield tag="925" ind1="0" ind2=" ">
    <subfield code="a">acquire</subfield>
    <subfield code="b">1 shelf copy</subfield>
    <subfield code="x">policy default</subfield>
  </datafield>
  <datafield tag="955" ind1=" " ind2=" ">
    <subfield code="a">th47 2010-07-27 z-client</subfield>
    <subfield code="i">th47 2010-07-27</subfield>
    <subfield code="e">vk05 2010-08-06 to Music Division 2 copies</subfield>
    <subfield code="e">vl39 2010-08-12 to BCCD 2 copies</subfield>
  </datafield>
  <datafield tag="010" ind1=" " ind2=" ">
    <subfield code="a">  2010456389</subfield>
  </datafield>
  <datafield tag="020" ind1=" " ind2=" ">
    <subfield code="a">0825862582</subfield>
  </datafield>
  <datafield tag="020" ind1=" " ind2=" ">
    <subfield code="a">9780825862588</subfield>
  </datafield>
  <datafield tag="035" ind1=" " ind2=" ">
    <subfield code="a">(OCoLC)ocm76834944</subfield>
  </datafield>
  <datafield tag="040" ind1=" " ind2=" ">
    <subfield code="a">CSH</subfield>
    <subfield code="c">CSH</subfield>
    <subfield code="d">OHX</subfield>
    <subfield code="d">DLC</subfield>
  </datafield>
  <datafield tag="042" ind1=" " ind2=" ">
    <subfield code="a">lccopycat</subfield>
  </datafield>
  <datafield tag="050" ind1="0" ind2="0">
    <subfield code="a">M322</subfield>
    <subfield code="b">.B915 2005</subfield>
  </datafield>
  <datafield tag="100" ind1="1" ind2=" ">
    <subfield code="a">Brouwer, Margaret,</subfield>
    <subfield code="d">1940-</subfield>
  </datafield>
  <datafield tag="240" ind1="1" ind2="0">
    <subfield code="a">Trio,</subfield>
    <subfield code="m">piano, clarinet, violin</subfield>
  </datafield>
  <datafield tag="245" ind1="1" ind2="0">
    <subfield code="a">Trio for clarinet, violin and piano /</subfield>
    <subfield code="c">Margaret Brouwer.</subfield>
  </datafield>
  <datafield tag="260" ind1=" " ind2=" ">
    <subfield code="a">[S.l.] :</subfield>
    <subfield code="b">Brouwer New Music Publishing ;</subfield>
    <subfield code="a">New York :</subfield>
    <subfield code="b">Carl Fischer,</subfield>
    <subfield code="c">c2005.</subfield>
  </datafield>
  <datafield tag="300" ind1=" " ind2=" ">
    <subfield code="a">1 score (37 p.) + 2 parts ;</subfield>
    <subfield code="c">31 cm.</subfield>
  </datafield>
  <datafield tag="505" ind1="0" ind2=" ">
    <subfield code="a">Joyful moment -- Reverie -- Escaping.</subfield>
  </datafield>
  <datafield tag="650" ind1=" " ind2="0">
    <subfield code="a">Trios (Piano, clarinet, violin)</subfield>
    <subfield code="v">Scores and parts.</subfield>
  </datafield>
</record>