
<record>
  <leader>02960cam a2200517 i 4500</leader>
  <controlfield tag="001">16374080</controlfield>
  <controlfield tag="005">20200102045344.0</controlfield>
  <controlfield tag="008">100804s2008    ir a     b    100 0 per  </controlfield>
  <datafield tag="906" ind1=" " ind2=" ">
    <subfield code="a">7</subfield>
    <subfield code="b">cbc</subfield>
    <subfield code="c">origode</subfield>
    <subfield code="d">3</subfield>
    <subfield code="e">ncip</subfield>
    <subfield code="f">20</subfield>
    <subfield code="g">y-nonroman</subfield>
  </datafield>
  <datafield tag="925" ind1="0" ind2=" ">
    <subfield code="a">acquire</subfield>
    <subfield code="b">1 shelf copy</subfield>
    <subfield code="x">policy default</subfield>
  </datafield>
  <datafield tag="955" ind1=" " ind2=" ">
    <subfield code="b">wk26 2010-08-04</subfield>
    <subfield code="i">wk29 2019-12-21 to AMED</subfield>
  </datafield>
  <datafield tag="010" ind1=" " ind2=" ">
    <subfield code="a">  2010343600</subfield>
  </datafield>
  <datafield tag="020" ind1=" " ind2=" ">
    <subfield code="a">9789643913953</subfield>
  </datafield>
  <datafield tag="025" ind1=" " ind2=" ">
    <subfield code="a">Ir-P-2010343600; 08</subfield>
  </datafield>
  <datafield tag="040" ind1=" " ind2=" ">
    <subfield code="a">DLC</subfield>
    <subfield code="b">eng</subfield>
    <subfield code="e">rda</subfield>
    <subfield code="c">DLC</subfield>
    <subfield code="d">DLC</subfield>
  </datafield>
  <datafield tag="041" ind1="0" ind2=" ">
    <subfield code="a">per</subfield>
    <subfield code="a">eng</subfield>
  </datafield>
  <datafield tag="042" ind1=" " ind2=" ">
    <subfield code="a">lcode</subfield>
    <subfield code="a">pcc</subfield>
  </datafield>
  <datafield tag="043" ind1=" " ind2=" ">
    <subfield code="a">a-ir---</subfield>
  </datafield>
  <datafield tag="050" ind1="0" ind2="0">
    <subfield code="a">TR681.C5</subfield>
    <subfield code="b">.J387 2008</subfield>
  </datafield>
  <datafield tag="066" ind1=" " ind2=" ">
    <subfield code="c">(4</subfield>
    <subfield code="c">(3</subfield>
  </datafield>
  <datafield tag="111" ind1="2" ind2=" ">
    <subfield code="6">880-01</subfield>
    <subfield code="a">Jashnvārah-i ʻAks-i Kūdak</subfield>
    <subfield code="n">(5th :</subfield>
    <subfield code="d">2008 :</subfield>
    <subfield code="c">Tehran, Iran)</subfield>
    <subfield code="j">author.</subfield>
  </datafield>
  <datafield tag="880" ind1="2" ind2=" ">
    <subfield code="6">111-01/(3/r‏</subfield>
    <subfield code="a">‏جشنواره عکس کودک‏.</subfield>
  </datafield>
  <datafield tag="245" ind1="1" ind2="0">
    <subfield code="6">880-02</subfield>
    <subfield code="a">Kūdakān-i sarzamīn-i mā :</subfield>
    <subfield code="b">panjumīn Jashnvārah-i ʻAks-i Kūdak, Tihrān 1387 = The children of our land : 5th Child Photo Festival, Tehran 2008  /</subfield>
    <subfield code="c">bih kūshish-i, ʻAlīriz̤ā Kārīmī Ṣārimī ; vīrāstār, Masʻūd Zindahʹrūḥ Kirmānī ; mutarjim, Mujtabá Aḥmad Khān.</subfield>
  </datafield>
  <datafield tag="880" ind1="1" ind2="0">
    <subfield code="6">245-02/(4/r‏</subfield>
    <subfield code="a">‏کودکان سرزمين ما :‏</subfield>
    <subfield code="b">‏پنجمين جشنواره عکس کودک، تهران ١٣٨٧ = The children of our land : 5th Child Photo Festival, Tehran 2008  /‏</subfield>
    <subfield code="c">‏به کوشش، عليرضا کاريمى صارمى ؛ ويراستار، مسعود زنده‌روح کرمانى ؛ مترجم، مجتبى احمد خان.</subfield>
  </datafield>
  <datafield tag="246" ind1="1" ind2="5">
    <subfield code="a">Children of our land :</subfield>
    <subfield code="b">5th Child Photo Festival, Tehran 2008</subfield>
  </datafield>
  <datafield tag="250" ind1=" " ind2=" ">
    <subfield code="6">880-03</subfield>
    <subfield code="a">Chāp-i avval.</subfield>
  </datafield>
  <datafield tag="880" ind1=" " ind2=" ">
    <subfield code="6">250-03/(4/r‏</subfield>
    <subfield code="a">‏چاپ اول.</subfield>
  </datafield>
  <datafield tag="264" ind1=" " ind2="1">
    <subfield code="6">880-04</subfield>
    <subfield code="a">Tihrān :</subfield>
    <subfield code="b">Kānūn-i Parvarish-i Fikrī-i Kūdakān va Nawjavānān,</subfield>
    <subfield code="c">2008.</subfield>
  </datafield>
  <datafield tag="880" ind1=" " ind2="1">
    <subfield code="6">264-04/(3/r‏</subfield>
    <subfield code="a">‏تهران :‏</subfield>
    <subfield code="b">‏کانون پرورش فکرى کودکان و نوجوانان،‏</subfield>
    <subfield code="c">‏‫2008‬.</subfield>
  </datafield>
  <datafield tag="300" ind1=" " ind2=" ">
    <subfield code="a">133 pages, 6 unnumbered pages :</subfield>
    <subfield code="b">color illustrations ;</subfield>
    <subfield code="c">29 cm</subfield>
  </datafield>
  <datafield tag="336" ind1=" " ind2=" ">
    <subfield code="a">text</subfield>
    <subfield code="b">txt</subfield>
    <subfield code="2">rdacontent</subfield>
  </datafield>
  <datafield tag="337" ind1=" " ind2=" ">
    <subfield code="a">unmediated</subfield>
    <subfield code="b">n</subfield>
    <subfield code="2">rdamedia</subfield>
  </datafield>
  <datafield tag="338" ind1=" " ind2=" ">
    <subfield code="a">volume</subfield>
    <subfield code="b">nc</subfield>
    <subfield code="2">rdacarrier</subfield>
  </datafield>
  <datafield tag="504" ind1=" " ind2=" ">
    <subfield code="a">Includes bibliographical references.</subfield>
  </datafield>
  <datafield tag="546" ind1=" " ind2=" ">
    <subfield code="a">In Persian and English.</subfield>
  </datafield>
  <datafield tag="650" ind1=" " ind2="0">
    <subfield code="a">Photography of children</subfield>
    <subfield code="z">Iran</subfield>
    <subfield code="v">Exhibitions.</subfield>
  </datafield>
  <datafield tag="650" ind1=" " ind2="0">
    <subfield code="a">Photography</subfield>
    <subfield code="z">Iran</subfield>
    <subfield code="v">Exhibitions.</subfield>
  </datafield>
  <datafield tag="700" ind1="1" ind2=" ">
    <subfield code="6">880-05</subfield>
    <subfield code="a">Karīmī Ṣārimī, ʻAlī Riz̤ā,</subfield>
    <subfield code="d">1963-</subfield>
    <subfield code="e">editor of compilation.</subfield>
  </datafield>
  <datafield tag="880" ind1="1" ind2=" ">
    <subfield code="6">700-05/(4/r‏</subfield>
    <subfield code="a">‏کريمى صارمى، على رضا.</subfield>
  </datafield>
  <datafield tag="700" ind1="1" ind2=" ">
    <subfield code="6">880-06</subfield>
    <subfield code="a">Zindahʹrūḥ Kirmānī, Masʻūd,</subfield>
    <subfield code="e">editor.</subfield>
  </datafield>
  <datafield tag="880" ind1="1" ind2=" ">
    <subfield code="6">700-06/(3/r‏</subfield>
    <subfield code="a">‏زنده‌روح کرمانى، مسعود.</subfield>
  </datafield>
  <datafield tag="700" ind1="1" ind2=" ">
    <subfield code="6">880-07</subfield>
    <subfield code="a">Aḥmad Khān, Mujtabá,</subfield>
    <subfield code="e">translator.</subfield>
  </datafield>
  <datafield tag="880" ind1="1" ind2=" ">
    <subfield code="6">700-07/(3/r‏</subfield>
    <subfield code="a">‏احمد خان، مجتبى.</subfield>
  </datafield>
  <datafield tag="710" ind1="2" ind2=" ">
    <subfield code="6">880-08</subfield>
    <subfield code="a">Kānūn-i Parvarish-i Fikrī-i Kūdakān va Nawjavānān (Iran)</subfield>
    <subfield code="e">publisher.</subfield>
  </datafield>
  <datafield tag="880" ind1="2" ind2=" ">
    <subfield code="6">710-08/(4/r‏</subfield>
    <subfield code="a">‏کانون پرورش فکرى کودکان و نوجوانان (ايران)</subfield>
  </datafield>
  <datafield tag="985" ind1=" " ind2=" ">
    <subfield code="e">ODE-is</subfield>
  </datafield>
</record>