
<record>
  <leader>01013cam a2200241 a 4500</leader>
  <controlfield tag="001">16469964</controlfield>
  <controlfield tag="005">20200102165408.0</controlfield>
  <controlfield tag="008">100921s2004    sa            000 0 eng  </controlfield>
  <datafield tag="906" ind1=" " ind2=" ">
    <subfield code="a">7</subfield>
    <subfield code="b">cbc</subfield>
    <subfield code="c">origres</subfield>
    <subfield code="d">2</subfield>
    <subfield code="e">ncip</subfield>
    <subfield code="f">20</subfield>
    <subfield code="g">y-gencatlg</subfield>
  </datafield>
  <datafield tag="925" ind1="0" ind2=" ">
    <subfield code="a">acquire</subfield>
    <subfield code="b">1 shelf copy</subfield>
    <subfield code="x">MLPage, AMED 2010-09-10</subfield>
  </datafield>
  <datafield tag="955" ind1=" " ind2=" ">
    <subfield code="b">bc14 2011-01-19 z-processor;</subfield>
    <subfield code="e">bc14 2011-01-19 to Dewey</subfield>
    <subfield code="a">td11 2011-04-20 decimal added before Cutter</subfield>
  </datafield>
  <datafield tag="955" ind1=" " ind2=" ">
    <subfield code="b">bc01 2010-09-21 z-processor ON ORDER; bd20 2010-01-12 received in ALAWE/A</subfield>
  </datafield>
  <datafield tag="010" ind1=" " ind2=" ">
    <subfield code="a">  2010553867</subfield>
  </datafield>
  <datafield tag="040" ind1=" " ind2=" ">
    <subfield code="a">DLC</subfield>
    <subfield code="c">DLC</subfield>
    <subfield code="d">DLC</subfield>
  </datafield>
  <datafield tag="042" ind1=" " ind2=" ">
    <subfield code="a">pcc</subfield>
  </datafield>
  <datafield tag="050" ind1="0" ind2="0">
    <subfield code="a">DT658.26</subfield>
    <subfield code="b">.K42 2004</subfield>
  </datafield>
  <datafield tag="100" ind1="1" ind2=" ">
    <subfield code="a">Kabemba, C. K.</subfield>
  </datafield>
  <datafield tag="245" ind1="1" ind2="0">
    <subfield code="a">Perspectives on the role of key stakeholders in the DRC&apos;s political transition /</subfield>
    <subfield code="c">by Claude Kabemba.</subfield>
  </datafield>
  <datafield tag="260" ind1=" " ind2=" ">
    <subfield code="a">Auckland Park :</subfield>
    <subfield code="b">Electoral Institute of Southern Africa,</subfield>
    <subfield code="c">2004.</subfield>
  </datafield>
  <datafield tag="300" ind1=" " ind2=" ">
    <subfield code="a">16 p. ;</subfield>
    <subfield code="c">29 cm.</subfield>
  </datafield>
  <datafield tag="440" ind1=" " ind2="0">
    <subfield code="a">EISA occasional paper,</subfield>
    <subfield code="x">1811-7449 ;</subfield>
    <subfield code="v">no. 26 (Nov. 2004)</subfield>
  </datafield>
  <datafield tag="651" ind1=" " ind2="0">
    <subfield code="a">Congo (Democratic Republic)</subfield>
    <subfield code="x">Politics and government</subfield>
    <subfield code="y">1997-</subfield>
  </datafield>
  <datafield tag="923" ind1=" " ind2=" ">
    <subfield code="a">purchase</subfield>
    <subfield code="s">Thorolds</subfield>
  </datafield>
</record>