
<record>
  <leader>02620cam a2200421 i 4500</leader>
  <controlfield tag="001">16474257</controlfield>
  <controlfield tag="005">20200102043039.0</controlfield>
  <controlfield tag="008">100924s2009    af       b    000 0 per  </controlfield>
  <datafield tag="906" ind1=" " ind2=" ">
    <subfield code="a">7</subfield>
    <subfield code="b">cbc</subfield>
    <subfield code="c">origode</subfield>
    <subfield code="d">3</subfield>
    <subfield code="e">ncip</subfield>
    <subfield code="f">20</subfield>
    <subfield code="g">y-nonroman</subfield>
  </datafield>
  <datafield tag="925" ind1="0" ind2=" ">
    <subfield code="a">acquire</subfield>
    <subfield code="b">1 shelf copy</subfield>
    <subfield code="x">policy default</subfield>
  </datafield>
  <datafield tag="955" ind1=" " ind2=" ">
    <subfield code="c">wk26 2013-11-21</subfield>
    <subfield code="d">wk29 2019-12-21 to AMED</subfield>
  </datafield>
  <datafield tag="010" ind1=" " ind2=" ">
    <subfield code="a">  2010344450</subfield>
  </datafield>
  <datafield tag="040" ind1=" " ind2=" ">
    <subfield code="a">DLC</subfield>
    <subfield code="b">eng</subfield>
    <subfield code="e">rda</subfield>
    <subfield code="c">DLC</subfield>
  </datafield>
  <datafield tag="041" ind1="0" ind2=" ">
    <subfield code="a">per</subfield>
    <subfield code="a">ara</subfield>
  </datafield>
  <datafield tag="042" ind1=" " ind2=" ">
    <subfield code="a">lcode</subfield>
    <subfield code="a">pcc</subfield>
  </datafield>
  <datafield tag="050" ind1="0" ind2="0">
    <subfield code="a">BP166.83</subfield>
    <subfield code="b">.R33 2009</subfield>
  </datafield>
  <datafield tag="066" ind1=" " ind2=" ">
    <subfield code="c">(3</subfield>
    <subfield code="c">(4</subfield>
  </datafield>
  <datafield tag="100" ind1="1" ind2=" ">
    <subfield code="6">880-01</subfield>
    <subfield code="a">Raḥmānī, Aṣḥāb al-Dīn,</subfield>
    <subfield code="e">author.</subfield>
  </datafield>
  <datafield tag="880" ind1="1" ind2=" ">
    <subfield code="6">100-01/(3/r‏</subfield>
    <subfield code="a">‏رحمانى، اصحاب الدين.</subfield>
  </datafield>
  <datafield tag="245" ind1="1" ind2="0">
    <subfield code="6">880-02</subfield>
    <subfield code="a">Bāvar bih maʻād va as̲arāt-i ān dar zindagī :</subfield>
    <subfield code="b">risālah-ʼi ʻilmī- taḥqīqī-i jihat-i rafʻ-i dawrah-ʼi nāmzadī va tarfīʻ bih rutbah-i ʻilmī-i muʻāvin-i muḥaqqiq /</subfield>
    <subfield code="c">nivīsandah, muʻāvin-i muḥaqqiq Aṣḥāb al-Dīn (Raḥmānī) ; ustād-i rahnamā, ʻAbd al-Maʻbūd (Z̤arīrī).</subfield>
  </datafield>
  <datafield tag="880" ind1="1" ind2="0">
    <subfield code="6">245-02/(3/r‏</subfield>
    <subfield code="a">‏باور به معاد و اثرات آن در زندگى :‏</subfield>
    <subfield code="b">‏رسالۀ علمى- تحقيقى جهت رفع دورۀ نامزدى و ترفيع به رتبه علمى معاون محقق /‏</subfield>
    <subfield code="c">‏نويسنده، معاون محقق اصحاب الدين (رحمانى) ؛ استاد رهنما، عبد المعبود (ضريرى).</subfield>
  </datafield>
  <datafield tag="246" ind1="1" ind2=" ">
    <subfield code="6">880-03</subfield>
    <subfield code="i">At head of title:</subfield>
    <subfield code="a">Akādimī-i ʻUlūm-i Afghānistān, Bakhsh-i ʻUlūm-i Islāmī, Markaz-i ʻAqīdah va S̲aqāfat</subfield>
  </datafield>
  <datafield tag="880" ind1="1" ind2=" ">
    <subfield code="6">246-03/(3/r‏</subfield>
    <subfield code="i">‏At head of title:‏</subfield>
    <subfield code="a">‏اکادمى علوم افغانستان، بخش علوم اسلامى، مرکز عقيده و ثقافت</subfield>
  </datafield>
  <datafield tag="264" ind1=" " ind2="1">
    <subfield code="6">880-04</subfield>
    <subfield code="a">Kābul, Afghānistān :</subfield>
    <subfield code="b">[publisher not identified],</subfield>
    <subfield code="c">1388 [2009 or 2010]</subfield>
  </datafield>
  <datafield tag="880" ind1=" " ind2="1">
    <subfield code="6">264-04/(4/r‏</subfield>
    <subfield code="a">‏کابل، افغانستان :‏</subfield>
    <subfield code="b">‏[publisher not identified],‏</subfield>
    <subfield code="c">‏1388 [2009 or 2010].</subfield>
  </datafield>
  <datafield tag="300" ind1=" " ind2=" ">
    <subfield code="a">163 pages ;</subfield>
    <subfield code="c">21 cm</subfield>
  </datafield>
  <datafield tag="336" ind1=" " ind2=" ">
    <subfield code="a">text</subfield>
    <subfield code="b">txt</subfield>
    <subfield code="2">rdacontent</subfield>
  </datafield>
  <datafield tag="337" ind1=" " ind2=" ">
    <subfield code="a">unmediated</subfield>
    <subfield code="b">n</subfield>
    <subfield code="2">rdamedia</subfield>
  </datafield>
  <datafield tag="338" ind1=" " ind2=" ">
    <subfield code="a">volume</subfield>
    <subfield code="b">nc</subfield>
    <subfield code="2">rdacarrier</subfield>
  </datafield>
  <datafield tag="504" ind1=" " ind2=" ">
    <subfield code="a">Includes bibliographical references (pages 161-163).</subfield>
  </datafield>
  <datafield tag="546" ind1=" " ind2=" ">
    <subfield code="a">In Persian; includes citations in Arabic.</subfield>
  </datafield>
  <datafield tag="650" ind1=" " ind2="0">
    <subfield code="a">Resurrection (Islam)</subfield>
  </datafield>
  <datafield tag="650" ind1=" " ind2="0">
    <subfield code="a">Judgment Day (Islam)</subfield>
  </datafield>
  <datafield tag="700" ind1="1" ind2=" ">
    <subfield code="6">880-05</subfield>
    <subfield code="a">Z̤arīrī, ʻAbd al-Maʻbūd.</subfield>
  </datafield>
  <datafield tag="880" ind1="1" ind2=" ">
    <subfield code="6">700-05/(3/r‏</subfield>
    <subfield code="a">‏ضريرى، عبد المعبود.</subfield>
  </datafield>
  <datafield tag="710" ind1="2" ind2=" ">
    <subfield code="6">880-06</subfield>
    <subfield code="a">Academy of Sciences of Afghanistan.</subfield>
    <subfield code="b">Da ʻAqīde aw S̲aqāfat Markaz.</subfield>
  </datafield>
  <datafield tag="880" ind1="2" ind2=" ">
    <subfield code="6">710-06/(3/r‏</subfield>
    <subfield code="a">‏Academy of Sciences of Afghanistan.‏</subfield>
    <subfield code="b">‏د عقيدى او ثقافت مرکز.</subfield>
  </datafield>
  <datafield tag="985" ind1=" " ind2=" ">
    <subfield code="e">ODE-is</subfield>
  </datafield>
</record>