
<record>
  <leader>01799cam a22003255i 4500</leader>
  <controlfield tag="001">16490985</controlfield>
  <controlfield tag="005">20200102003922.0</controlfield>
  <controlfield tag="008">101006s2008    af       l    000 0 per  </controlfield>
  <datafield tag="906" ind1=" " ind2=" ">
    <subfield code="a">0</subfield>
    <subfield code="b">ibc</subfield>
    <subfield code="c">origode</subfield>
    <subfield code="d">2</subfield>
    <subfield code="e">ncip</subfield>
    <subfield code="f">20</subfield>
    <subfield code="g">y-nonroman</subfield>
  </datafield>
  <datafield tag="925" ind1="0" ind2=" ">
    <subfield code="a">acquire</subfield>
    <subfield code="b">1 shelf copy</subfield>
    <subfield code="x">policy default</subfield>
  </datafield>
  <datafield tag="955" ind1=" " ind2=" ">
    <subfield code="c">wk29 2019-12-21 to LL</subfield>
  </datafield>
  <datafield tag="010" ind1=" " ind2=" ">
    <subfield code="a">  2010348085</subfield>
  </datafield>
  <datafield tag="040" ind1=" " ind2=" ">
    <subfield code="a">DLC</subfield>
    <subfield code="b">eng</subfield>
    <subfield code="e">rda</subfield>
    <subfield code="c">DLC</subfield>
  </datafield>
  <datafield tag="041" ind1="0" ind2=" ">
    <subfield code="a">per</subfield>
    <subfield code="a">pus</subfield>
  </datafield>
  <datafield tag="042" ind1=" " ind2=" ">
    <subfield code="a">lcode</subfield>
  </datafield>
  <datafield tag="043" ind1=" " ind2=" ">
    <subfield code="a">a-af---</subfield>
  </datafield>
  <datafield tag="066" ind1=" " ind2=" ">
    <subfield code="c">(3</subfield>
    <subfield code="c">(4</subfield>
  </datafield>
  <datafield tag="110" ind1="1" ind2=" ">
    <subfield code="6">880-01</subfield>
    <subfield code="a">Afghanistan.</subfield>
    <subfield code="b">Ūlasī Jirgah.</subfield>
    <subfield code="b">Da Taqinīn aw Pārlimānī Chāro Riyāsat,</subfield>
    <subfield code="e">issuing body.</subfield>
  </datafield>
  <datafield tag="880" ind1="1" ind2=" ">
    <subfield code="6">110-01/(3/r‏</subfield>
    <subfield code="a">‏افغانستان.‏ ‏</subfield>
    <subfield code="b">‏اولسى جرگه.‏</subfield>
    <subfield code="b">‏د تقنين او پارلمانى چارو رياست.</subfield>
  </datafield>
  <datafield tag="245" ind1="1" ind2="0">
    <subfield code="6">880-02</subfield>
    <subfield code="a">Guzārish-i ijrāt-i Vulasī Jirgah, ijlās-i panjum, dawr-i avval sāl-i sivvum taqnīnī-i 1387 /</subfield>
    <subfield code="c">Ūlasī Jirgah, Da Chāro da Idārī da Pārlimānī aw Taqnīnī Chāro Riyāsat.</subfield>
  </datafield>
  <datafield tag="880" ind1="1" ind2="0">
    <subfield code="6">245-02/(4/r‏</subfield>
    <subfield code="a">‏گزارش اجرات ولسى جرگه، اجلاس پنجم، دور اول سال سوم تقنينى ١٣٨٧ /‏</subfield>
    <subfield code="c">‏اولسى جرگه، د چار د ادارى د پارلمانى او تقنينى چارو رياست.</subfield>
  </datafield>
  <datafield tag="264" ind1=" " ind2="1">
    <subfield code="6">880-03</subfield>
    <subfield code="a">[Afghanistan] :</subfield>
    <subfield code="b">Vulasī Jirgah,</subfield>
    <subfield code="c">1387 [2008 or 2009]</subfield>
  </datafield>
  <datafield tag="880" ind1=" " ind2="1">
    <subfield code="6">264-03/(3/r‏</subfield>
    <subfield code="a">‏[Afghanistan] :‏</subfield>
    <subfield code="b">‏ولسى جرگه،‏</subfield>
    <subfield code="c">‏1387 [2008 or 2009].</subfield>
  </datafield>
  <datafield tag="300" ind1=" " ind2=" ">
    <subfield code="a">50 pages ;</subfield>
    <subfield code="c">28 cm</subfield>
  </datafield>
  <datafield tag="336" ind1=" " ind2=" ">
    <subfield code="a">text</subfield>
    <subfield code="b">txt</subfield>
    <subfield code="2">rdacontent</subfield>
  </datafield>
  <datafield tag="337" ind1=" " ind2=" ">
    <subfield code="a">unmediated</subfield>
    <subfield code="b">n</subfield>
    <subfield code="2">rdamedia</subfield>
  </datafield>
  <datafield tag="338" ind1=" " ind2=" ">
    <subfield code="a">volume</subfield>
    <subfield code="b">nc</subfield>
    <subfield code="2">rdacarrier</subfield>
  </datafield>
  <datafield tag="520" ind1=" " ind2=" ">
    <subfield code="a">Legislations report of the Fifth Session of Afghanistan. Ūlasī Jirgah, The House of the People or Wolesi Jirga is the lower house of the bicameral National Assembly of Afghanistan.</subfield>
  </datafield>
  <datafield tag="546" ind1=" " ind2=" ">
    <subfield code="a">In Persian and Pushto.</subfield>
  </datafield>
  <datafield tag="985" ind1=" " ind2=" ">
    <subfield code="e">ODE-is</subfield>
  </datafield>
</record>