
<record>
  <leader>01786cam a2200421 a 4500</leader>
  <controlfield tag="001">16810414</controlfield>
  <controlfield tag="005">20200102063103.0</controlfield>
  <controlfield tag="008">100118s2010    cc a          000 0 chi d</controlfield>
  <datafield tag="906" ind1=" " ind2=" ">
    <subfield code="a">7</subfield>
    <subfield code="b">cbc</subfield>
    <subfield code="c">copycat</subfield>
    <subfield code="d">2</subfield>
    <subfield code="e">ncip</subfield>
    <subfield code="f">20</subfield>
    <subfield code="g">y-nonroman</subfield>
  </datafield>
  <datafield tag="925" ind1="0" ind2=" ">
    <subfield code="a">acquire</subfield>
    <subfield code="b">1 shelf copy</subfield>
    <subfield code="x">policy default</subfield>
  </datafield>
  <datafield tag="955" ind1=" " ind2=" ">
    <subfield code="a">CNP to LC 2011-06-04</subfield>
    <subfield code="i">cc09 2011-09-01 to BCCD</subfield>
  </datafield>
  <datafield tag="010" ind1=" " ind2=" ">
    <subfield code="a">  2011422161</subfield>
  </datafield>
  <datafield tag="020" ind1=" " ind2=" ">
    <subfield code="a">9787546328102</subfield>
  </datafield>
  <datafield tag="020" ind1=" " ind2=" ">
    <subfield code="a">7546328101</subfield>
  </datafield>
  <datafield tag="035" ind1=" " ind2=" ">
    <subfield code="a">(OCoLC)ocn650060014</subfield>
  </datafield>
  <datafield tag="040" ind1=" " ind2=" ">
    <subfield code="a">CNPIT</subfield>
    <subfield code="c">CNPIT</subfield>
    <subfield code="d">HkU</subfield>
    <subfield code="d">DLC</subfield>
  </datafield>
  <datafield tag="042" ind1=" " ind2=" ">
    <subfield code="a">lccopycat</subfield>
  </datafield>
  <datafield tag="043" ind1=" " ind2=" ">
    <subfield code="a">a-cc---</subfield>
  </datafield>
  <datafield tag="050" ind1="0" ind2="0">
    <subfield code="a">BQ626</subfield>
    <subfield code="b">.H797 2010</subfield>
  </datafield>
  <datafield tag="066" ind1=" " ind2=" ">
    <subfield code="c">$1</subfield>
  </datafield>
  <datafield tag="100" ind1="1" ind2=" ">
    <subfield code="6">880-01</subfield>
    <subfield code="a">Huang, Chanhua.</subfield>
  </datafield>
  <datafield tag="880" ind1="1" ind2=" ">
    <subfield code="6">100-01/$1</subfield>
    <subfield code="a">黄忏华.</subfield>
  </datafield>
  <datafield tag="245" ind1="1" ind2="0">
    <subfield code="6">880-02</subfield>
    <subfield code="a">Tu shi Zhongguo fo jiao shi :</subfield>
    <subfield code="b">gan wu Zhongguo fo jiao chuan cheng qian nian de chan ji yu zhi hui /</subfield>
    <subfield code="c">Huang Chanhua zhu.</subfield>
  </datafield>
  <datafield tag="880" ind1="1" ind2="0">
    <subfield code="6">245-02/$1</subfield>
    <subfield code="a">图释中国佛教史 :</subfield>
    <subfield code="b">感悟中国佛教传承千年的禅机与智慧 /</subfield>
    <subfield code="c">黄忏华著.</subfield>
  </datafield>
  <datafield tag="246" ind1="3" ind2="0">
    <subfield code="6">880-03</subfield>
    <subfield code="a">Zhongguo fo jiao shi :</subfield>
    <subfield code="b">gan wu Zhongguo fo jiao chuan cheng qian nian de chan ji yu zhi hui</subfield>
  </datafield>
  <datafield tag="880" ind1="3" ind2="0">
    <subfield code="6">246-03/$1</subfield>
    <subfield code="a">中国佛教史 :</subfield>
    <subfield code="b">感悟中国佛教传承千年的禅机与智慧</subfield>
  </datafield>
  <datafield tag="246" ind1="3" ind2="0">
    <subfield code="6">880-04</subfield>
    <subfield code="a">Gan wu Zhongguo fo jiao chuan cheng qian nian de chan ji yu zhi hui</subfield>
  </datafield>
  <datafield tag="880" ind1="3" ind2="0">
    <subfield code="6">246-04/$1</subfield>
    <subfield code="a">感悟中国佛教传承千年的禅机与智慧</subfield>
  </datafield>
  <datafield tag="250" ind1=" " ind2=" ">
    <subfield code="6">880-05</subfield>
    <subfield code="a">Di 1 ban.</subfield>
  </datafield>
  <datafield tag="880" ind1=" " ind2=" ">
    <subfield code="6">250-05/$1</subfield>
    <subfield code="a">第 1 版.</subfield>
  </datafield>
  <datafield tag="260" ind1=" " ind2=" ">
    <subfield code="6">880-06</subfield>
    <subfield code="a">Changchun :</subfield>
    <subfield code="b">Jilin chu ban ji tuan you xian ze ren gong si,</subfield>
    <subfield code="c">2010.</subfield>
  </datafield>
  <datafield tag="880" ind1=" " ind2=" ">
    <subfield code="6">260-06/$1</subfield>
    <subfield code="a">长春 :</subfield>
    <subfield code="b">吉林出版集团有限责任公司,</subfield>
    <subfield code="c">2010.</subfield>
  </datafield>
  <datafield tag="300" ind1=" " ind2=" ">
    <subfield code="a">313 p. :</subfield>
    <subfield code="b">ill. ;</subfield>
    <subfield code="c">24 cm.</subfield>
  </datafield>
  <datafield tag="490" ind1="0" ind2=" ">
    <subfield code="6">880-07</subfield>
    <subfield code="a">Tu shi jin dian xi lie</subfield>
  </datafield>
  <datafield tag="880" ind1="0" ind2=" ">
    <subfield code="6">490-07/$1</subfield>
    <subfield code="a">图释经典系列</subfield>
  </datafield>
  <datafield tag="650" ind1=" " ind2="0">
    <subfield code="a">Buddhism</subfield>
    <subfield code="z">China</subfield>
    <subfield code="x">History.</subfield>
  </datafield>
  <datafield tag="923" ind1=" " ind2=" ">
    <subfield code="d">20110523</subfield>
    <subfield code="n">T201100568</subfield>
    <subfield code="s">CNP</subfield>
  </datafield>
  <datafield tag="985" ind1=" " ind2=" ">
    <subfield code="a">CNP load</subfield>
    <subfield code="d">2011-06-04</subfield>
  </datafield>
</record>