
<record>
  <leader>03018cam a22004331a 4500</leader>
  <controlfield tag="001">16962729</controlfield>
  <controlfield tag="005">20200102122751.0</controlfield>
  <controlfield tag="008">110915s2012    mdu      b    000 0 eng d</controlfield>
  <datafield tag="906" ind1=" " ind2=" ">
    <subfield code="a">7</subfield>
    <subfield code="b">cbc</subfield>
    <subfield code="c">orignew</subfield>
    <subfield code="d">2</subfield>
    <subfield code="e">epcn</subfield>
    <subfield code="f">20</subfield>
    <subfield code="g">y-gencatlg</subfield>
  </datafield>
  <datafield tag="925" ind1="0" ind2=" ">
    <subfield code="a">acquire</subfield>
    <subfield code="b">1 shelf copy</subfield>
    <subfield code="x">Sel/ddw, 2015-12-03</subfield>
  </datafield>
  <datafield tag="955" ind1=" " ind2=" ">
    <subfield code="b">re06 2019-10-30 z-processor</subfield>
    <subfield code="i">re06 2020-01-02 (telework)</subfield>
  </datafield>
  <datafield tag="010" ind1=" " ind2=" ">
    <subfield code="a">  2011938973</subfield>
  </datafield>
  <datafield tag="016" ind1="7" ind2=" ">
    <subfield code="a">016245123</subfield>
    <subfield code="2">Uk</subfield>
  </datafield>
  <datafield tag="020" ind1=" " ind2=" ">
    <subfield code="a">9780761857471</subfield>
    <subfield code="q">(pbk. ;</subfield>
    <subfield code="q">alk. paper)</subfield>
  </datafield>
  <datafield tag="020" ind1=" " ind2=" ">
    <subfield code="z">9780761857488</subfield>
    <subfield code="q">(eISBN)</subfield>
  </datafield>
  <datafield tag="035" ind1=" " ind2=" ">
    <subfield code="a">(OCoLC)ocn756592472</subfield>
  </datafield>
  <datafield tag="040" ind1=" " ind2=" ">
    <subfield code="a">BTCTA</subfield>
    <subfield code="b">eng</subfield>
    <subfield code="c">BTCTA</subfield>
    <subfield code="d">YDXCP</subfield>
    <subfield code="d">BWX</subfield>
    <subfield code="d">UNL</subfield>
    <subfield code="d">BDX</subfield>
    <subfield code="d">MUU</subfield>
    <subfield code="d">UKMGB</subfield>
    <subfield code="d">IQU</subfield>
    <subfield code="d">OCLCQ</subfield>
    <subfield code="d">OCLCF</subfield>
    <subfield code="d">OCLCQ</subfield>
    <subfield code="d">OCLCA</subfield>
    <subfield code="d">RCE</subfield>
    <subfield code="d">HUELT</subfield>
    <subfield code="d">OCLCQ</subfield>
    <subfield code="d">OCLCO</subfield>
    <subfield code="d">DLC</subfield>
  </datafield>
  <datafield tag="042" ind1=" " ind2=" ">
    <subfield code="a">lccopycat</subfield>
  </datafield>
  <datafield tag="080" ind1=" " ind2=" ">
    <subfield code="a">1(38)Sokrates</subfield>
  </datafield>
  <datafield tag="050" ind1="0" ind2="0">
    <subfield code="a">B317</subfield>
    <subfield code="b">.H354 2012</subfield>
  </datafield>
  <datafield tag="100" ind1="1" ind2=" ">
    <subfield code="a">Hanhijärvi, Tommi Juhani.</subfield>
  </datafield>
  <datafield tag="245" ind1="1" ind2="0">
    <subfield code="a">Socrates&apos; criteria :</subfield>
    <subfield code="b">a libertarian interpretation /</subfield>
    <subfield code="c">Tommi Juhani Hanhijärvi.</subfield>
  </datafield>
  <datafield tag="260" ind1=" " ind2=" ">
    <subfield code="a">Lanham, Md. :</subfield>
    <subfield code="b">University Press of America,</subfield>
    <subfield code="c">[2012]</subfield>
  </datafield>
  <datafield tag="300" ind1=" " ind2=" ">
    <subfield code="a">xxv, 92 pages ;</subfield>
    <subfield code="c">23 cm</subfield>
  </datafield>
  <datafield tag="336" ind1=" " ind2=" ">
    <subfield code="a">text</subfield>
    <subfield code="b">txt</subfield>
    <subfield code="2">rdacontent</subfield>
  </datafield>
  <datafield tag="337" ind1=" " ind2=" ">
    <subfield code="a">unmediated</subfield>
    <subfield code="b">n</subfield>
    <subfield code="2">rdamedia</subfield>
  </datafield>
  <datafield tag="338" ind1=" " ind2=" ">
    <subfield code="a">volume</subfield>
    <subfield code="b">nc</subfield>
    <subfield code="2">rdacarrier</subfield>
  </datafield>
  <datafield tag="520" ind1=" " ind2=" ">
    <subfield code="a">&quot;The philosophical puzzle about the position of Socrates in the early Platonic dialogues is the reason why Socrates demands that terms be defined. Many have said recently that knowledge and meaning do not demand definitions, for there is know-how besides intellectual knowledge and the successful use of symbols is often unreflective. This book&apos;s argument is that for Socrates, freedom, or rational agency, requires definitions. Socrates is freedom&apos;s advocate; he is not an early epistemologist or semanticist. Due to this, he is still relevant to current philosophy. Certain recursive or performative acts of definition are free in being fully conscious, deliberate, or self-sufficient. They are self-predicating Forms. The search for them is free in a different sense, namely in relating to everything beyond itself. Moreover, that search is moral. For being self-relational, the Forms are not identifiable from without. They could be anywhere and so must be sought everywhere. Anyone could turn out to be one&apos;s liberator, so one must respect each of one&apos;s interlocutors, as Socrates does when asking questions&quot;--Back cover.</subfield>
  </datafield>
  <datafield tag="504" ind1=" " ind2=" ">
    <subfield code="a">Includes bibliographical references (pages 89-92).</subfield>
  </datafield>
  <datafield tag="505" ind1="0" ind2=" ">
    <subfield code="a">Preface -- Introduction -- Good in the &apos;Protagoras&apos; -- Good in the &apos;Hippias Major&apos; -- Good in the &apos;Lysis&apos; -- Right in the &apos;Euthyphro&apos; -- Right in the &apos;Charmides&apos; -- Right in the &apos;Apology&apos; -- Socrates and the &apos;Phaedo&apos; -- Socrates and the &apos;Theaetetus&apos; -- Conclusion.</subfield>
  </datafield>
  <datafield tag="600" ind1="0" ind2="0">
    <subfield code="a">Socrates</subfield>
    <subfield code="x">Criticism and interpretation.</subfield>
  </datafield>
  <datafield tag="650" ind1=" " ind2="0">
    <subfield code="a">Good and evil.</subfield>
  </datafield>
  <datafield tag="650" ind1=" " ind2="0">
    <subfield code="a">Right and wrong.</subfield>
  </datafield>
  <datafield tag="650" ind1=" " ind2="0">
    <subfield code="a">Liberty.</subfield>
  </datafield>
  <datafield tag="600" ind1="0" ind2="7">
    <subfield code="a">Socrates.</subfield>
    <subfield code="2">fast</subfield>
    <subfield code="0">(OCoLC)fst00035600</subfield>
  </datafield>
  <datafield tag="650" ind1=" " ind2="7">
    <subfield code="a">Good and evil.</subfield>
    <subfield code="2">fast</subfield>
    <subfield code="0">(OCoLC)fst00944894</subfield>
  </datafield>
  <datafield tag="650" ind1=" " ind2="7">
    <subfield code="a">Liberty.</subfield>
    <subfield code="2">fast</subfield>
    <subfield code="0">(OCoLC)fst00997251</subfield>
  </datafield>
  <datafield tag="650" ind1=" " ind2="7">
    <subfield code="a">Right and wrong.</subfield>
    <subfield code="2">fast</subfield>
    <subfield code="0">(OCoLC)fst01097858</subfield>
  </datafield>
  <datafield tag="655" ind1=" " ind2="7">
    <subfield code="a">Criticism, interpretation, etc.</subfield>
    <subfield code="2">fast</subfield>
    <subfield code="0">(OCoLC)fst01411635</subfield>
  </datafield>
</record>