
<record>
  <leader>01851ccm a2200325 a 4500</leader>
  <controlfield tag="001">17175341</controlfield>
  <controlfield tag="005">20200102165020.0</controlfield>
  <controlfield tag="008">120221s2011    nyu||a|        n  | zxx d</controlfield>
  <datafield tag="906" ind1=" " ind2=" ">
    <subfield code="a">7</subfield>
    <subfield code="b">cbc</subfield>
    <subfield code="c">copycat</subfield>
    <subfield code="d">2</subfield>
    <subfield code="e">ncip</subfield>
    <subfield code="f">20</subfield>
    <subfield code="g">y-genmusic</subfield>
  </datafield>
  <datafield tag="925" ind1="0" ind2=" ">
    <subfield code="a">acquire</subfield>
    <subfield code="b">1 shelf copy</subfield>
    <subfield code="x">policy default</subfield>
  </datafield>
  <datafield tag="955" ind1=" " ind2=" ">
    <subfield code="a">vk03 2012-02-21 z-client</subfield>
    <subfield code="i">vk03 2012-02-21</subfield>
    <subfield code="e">vk67 2012-02-22 sound discs, c1-2, to MBRS for shelf labels</subfield>
    <subfield code="e">vk05 2012-04-12 to Music Division 2 copies</subfield>
    <subfield code="e">vl39 2012-04-18 to BCCD 2 copies</subfield>
  </datafield>
  <datafield tag="010" ind1=" " ind2=" ">
    <subfield code="a">  2012562045</subfield>
  </datafield>
  <datafield tag="020" ind1=" " ind2=" ">
    <subfield code="a">1617806234</subfield>
  </datafield>
  <datafield tag="020" ind1=" " ind2=" ">
    <subfield code="a">9781617806230</subfield>
  </datafield>
  <datafield tag="024" ind1="1" ind2=" ">
    <subfield code="a">884088555672</subfield>
  </datafield>
  <datafield tag="028" ind1="3" ind2="0">
    <subfield code="a">ED2462-B</subfield>
    <subfield code="b">G. Schirmer</subfield>
  </datafield>
  <datafield tag="028" ind1="3" ind2="0">
    <subfield code="a">HL50490438</subfield>
    <subfield code="b">Hal Leonard</subfield>
  </datafield>
  <datafield tag="035" ind1=" " ind2=" ">
    <subfield code="a">(OCoLC)ocn759474324</subfield>
  </datafield>
  <datafield tag="035" ind1=" " ind2=" ">
    <subfield code="a">(OCoLC)759474324</subfield>
  </datafield>
  <datafield tag="040" ind1=" " ind2=" ">
    <subfield code="a">TDF</subfield>
    <subfield code="c">TDF</subfield>
    <subfield code="d">DLC</subfield>
  </datafield>
  <datafield tag="042" ind1=" " ind2=" ">
    <subfield code="a">lccopycat</subfield>
  </datafield>
  <datafield tag="050" ind1="0" ind2="0">
    <subfield code="a">M255</subfield>
    <subfield code="b">.S65 2011</subfield>
  </datafield>
  <datafield tag="245" ind1="0" ind2="0">
    <subfield code="a">Solos for the horn player with piano accompaniment /</subfield>
    <subfield code="c">selected and edited by Mason Jones.</subfield>
  </datafield>
  <datafield tag="260" ind1=" " ind2=" ">
    <subfield code="a">New York :</subfield>
    <subfield code="b">G. Schirmer ;</subfield>
    <subfield code="a">Milwaukee, WI :</subfield>
    <subfield code="b">Distributed by Hal Leonard,</subfield>
    <subfield code="c">2011.</subfield>
  </datafield>
  <datafield tag="300" ind1=" " ind2=" ">
    <subfield code="a">1 score (96 p.) + 1 part (32 p.) +</subfield>
    <subfield code="e">1 sound disc (digital ; 4 3/4 in.)</subfield>
  </datafield>
  <datafield tag="500" ind1=" " ind2=" ">
    <subfield code="a">The CD contains recorded piano.</subfield>
  </datafield>
  <datafield tag="505" ind1="0" ind2=" ">
    <subfield code="a">Andante : from Symphony no. 5, (Reformation) / Mendelssohn -- Aria / Stradella -- I Attempt : from Love&apos;s sickness to fly / Purcell -- I See a Huntsman : from Julius Caesar / Handel -- Largo and allegro / Frackenpohl -- Pavane pour une infante défunte / Ravel -- Reveries : op. 24 / Glazunov -- Romance, op. 30 / Lefebvre -- Romance, op. 36 / Saint-Saëns -- Rondo : from Horn quintet, K407 / Mozart -- Scherzo : from Septet, op. 20 / Beethoven -- Scherzo : from Serenade in D, op. 11 / Brahms -- Theme and variations, op. 10 / Labor -- Villanelle / Dukas.</subfield>
  </datafield>
  <datafield tag="650" ind1=" " ind2="0">
    <subfield code="a">Horn and piano music</subfield>
    <subfield code="v">Scores and parts.</subfield>
  </datafield>
  <datafield tag="650" ind1=" " ind2="0">
    <subfield code="a">Horn and piano music, Arranged</subfield>
    <subfield code="v">Scores and parts.</subfield>
  </datafield>
  <datafield tag="700" ind1="1" ind2=" ">
    <subfield code="a">Jones, Mason.</subfield>
  </datafield>
</record>