
<record>
  <leader>03074cam a2200421 a 4500</leader>
  <controlfield tag="001">17273341</controlfield>
  <controlfield tag="005">20200102065257.0</controlfield>
  <controlfield tag="008">120426s2012    nyua          000 0 eng  </controlfield>
  <datafield tag="906" ind1=" " ind2=" ">
    <subfield code="a">7</subfield>
    <subfield code="b">cbc</subfield>
    <subfield code="c">orignew</subfield>
    <subfield code="d">1</subfield>
    <subfield code="e">ecip</subfield>
    <subfield code="f">20</subfield>
    <subfield code="g">y-gencatlg</subfield>
  </datafield>
  <datafield tag="925" ind1="0" ind2=" ">
    <subfield code="a">acquire</subfield>
    <subfield code="b">1 shelf copy</subfield>
    <subfield code="x">policy default</subfield>
    <subfield code="e">claim1  2013-06-13</subfield>
  </datafield>
  <datafield tag="955" ind1=" " ind2=" ">
    <subfield code="b">re04 2012-04-26</subfield>
    <subfield code="c">re04 2012-04-26 ONIX</subfield>
    <subfield code="e">re12 2012-04-27 telework to Dewey</subfield>
    <subfield code="w">rd14 2012-04-27</subfield>
    <subfield code="a">xn09 2013-08-09 1 copy rec&apos;d., to CIP ver.</subfield>
    <subfield code="f">re13 2013-08-19 Copy 1 Barcode 0042055798A to  BCCD</subfield>
  </datafield>
  <datafield tag="010" ind1=" " ind2=" ">
    <subfield code="a">  2012012368</subfield>
  </datafield>
  <datafield tag="020" ind1=" " ind2=" ">
    <subfield code="a">9781608196418 (hardback)</subfield>
  </datafield>
  <datafield tag="040" ind1=" " ind2=" ">
    <subfield code="a">DLC</subfield>
    <subfield code="c">DLC</subfield>
    <subfield code="d">DLC</subfield>
  </datafield>
  <datafield tag="042" ind1=" " ind2=" ">
    <subfield code="a">pcc</subfield>
  </datafield>
  <datafield tag="050" ind1="0" ind2="0">
    <subfield code="a">GV182.9</subfield>
    <subfield code="b">.U68 2012</subfield>
  </datafield>
  <datafield tag="082" ind1="0" ind2="0">
    <subfield code="a">790</subfield>
    <subfield code="2">23</subfield>
  </datafield>
  <datafield tag="084" ind1=" " ind2=" ">
    <subfield code="a">CRA000000</subfield>
    <subfield code="a">GAM000000</subfield>
    <subfield code="a">SPO000000</subfield>
    <subfield code="a">FAM002000</subfield>
    <subfield code="a">REF028000</subfield>
    <subfield code="a">FAM010000</subfield>
    <subfield code="a">JNF016000</subfield>
    <subfield code="a">JNF001000</subfield>
    <subfield code="2">bisacsh</subfield>
  </datafield>
  <datafield tag="245" ind1="0" ind2="0">
    <subfield code="a">Unbored :</subfield>
    <subfield code="b">the essential field guide to serious fun /</subfield>
    <subfield code="c">[compiled by] Joshua Glenn &amp; Elizabeth Foy Larsen ; design by Tony Leone.</subfield>
  </datafield>
  <datafield tag="250" ind1=" " ind2=" ">
    <subfield code="a">1</subfield>
  </datafield>
  <datafield tag="260" ind1=" " ind2=" ">
    <subfield code="a">New York :</subfield>
    <subfield code="b">Bloomsbury USA,</subfield>
    <subfield code="c">c2012.</subfield>
  </datafield>
  <datafield tag="300" ind1=" " ind2=" ">
    <subfield code="a">352 p. :</subfield>
    <subfield code="b">ill. (some col.) ;</subfield>
    <subfield code="c">26 cm.</subfield>
  </datafield>
  <datafield tag="520" ind1=" " ind2=" ">
    <subfield code="a">&quot;Unbored is the most original, entertaining, and instructive all-in-one book for kids ever published -jam-packed with information, ideas, and activities for children and their parents to share together. Vibrantly designed and illustrated, it&apos;s crammed with activities that are not only fun and doable, but get kids engaged in the wider world--and provides information to expand their worldviews, too, inspiring them to learn more. Right at the age where kids start to disappear into various screens, Unbored encourages them to use those tech skills in creative ways. Activities parents will remember from their childhoods are presented alongside bold new possibilities: science experiments, crafts and upcycling, board game hacking, code-cracking, geocaching, skateboard repair, yarn bombing, stop-action movie-making - plus tons of trivia, best-of lists, and forward-thinking ideas made accessible to kids. Unbored expertly walks the line between cool and constructive: parents will appreciate its wisdom and humor, its lessons in civic-mindedness and self-esteem, as well as its anti-perfectionist spirit. Kids will just think it&apos;s awesome&quot;--</subfield>
    <subfield code="c">Provided by publisher.</subfield>
  </datafield>
  <datafield tag="650" ind1=" " ind2="0">
    <subfield code="a">Recreation</subfield>
    <subfield code="v">Juvenile literature.</subfield>
  </datafield>
  <datafield tag="650" ind1=" " ind2="0">
    <subfield code="a">Amusements</subfield>
    <subfield code="v">Juvenile literature.</subfield>
  </datafield>
  <datafield tag="650" ind1=" " ind2="0">
    <subfield code="a">Handicraft</subfield>
    <subfield code="v">Juvenile literature.</subfield>
  </datafield>
  <datafield tag="650" ind1=" " ind2="0">
    <subfield code="a">Games</subfield>
    <subfield code="v">Juvenile literature.</subfield>
  </datafield>
  <datafield tag="650" ind1=" " ind2="7">
    <subfield code="a">CRAFTS &amp; HOBBIES / General.</subfield>
    <subfield code="2">bisacsh</subfield>
  </datafield>
  <datafield tag="650" ind1=" " ind2="7">
    <subfield code="a">GAMES / General.</subfield>
    <subfield code="2">bisacsh</subfield>
  </datafield>
  <datafield tag="650" ind1=" " ind2="7">
    <subfield code="a">SPORTS &amp; RECREATION / General.</subfield>
    <subfield code="2">bisacsh</subfield>
  </datafield>
  <datafield tag="650" ind1=" " ind2="7">
    <subfield code="a">FAMILY &amp; RELATIONSHIPS / Activities.</subfield>
    <subfield code="2">bisacsh</subfield>
  </datafield>
  <datafield tag="650" ind1=" " ind2="7">
    <subfield code="a">REFERENCE / Handbooks &amp; Manuals.</subfield>
    <subfield code="2">bisacsh</subfield>
  </datafield>
  <datafield tag="650" ind1=" " ind2="7">
    <subfield code="a">FAMILY &amp; RELATIONSHIPS / Parenting / Child Rearing.</subfield>
    <subfield code="2">bisacsh</subfield>
  </datafield>
  <datafield tag="650" ind1=" " ind2="7">
    <subfield code="a">JUVENILE NONFICTION / Curiosities &amp; Wonders.</subfield>
    <subfield code="2">bisacsh</subfield>
  </datafield>
  <datafield tag="650" ind1=" " ind2="7">
    <subfield code="a">JUVENILE NONFICTION / Activity Books.</subfield>
    <subfield code="2">bisacsh</subfield>
  </datafield>
  <datafield tag="700" ind1="1" ind2=" ">
    <subfield code="a">Larsen, Elizabeth Foy.</subfield>
  </datafield>
  <datafield tag="700" ind1="1" ind2=" ">
    <subfield code="a">Glenn, Joshua,</subfield>
    <subfield code="d">1967-</subfield>
  </datafield>
  <datafield tag="856" ind1="4" ind2="2">
    <subfield code="3">Cover image</subfield>
    <subfield code="u">http://www.netread.com/jcusers2/bk1388/418/9781608196418/image/lgcover.9781608196418.jpg</subfield>
  </datafield>
</record>