
<record>
  <leader>01434ccm a2200349 a 4500</leader>
  <controlfield tag="001">17312955</controlfield>
  <controlfield tag="005">20200102164747.0</controlfield>
  <controlfield tag="008">120522s1997    nyuzzz|        n  | eng d</controlfield>
  <datafield tag="906" ind1=" " ind2=" ">
    <subfield code="a">7</subfield>
    <subfield code="b">cbc</subfield>
    <subfield code="c">copycat</subfield>
    <subfield code="d">2</subfield>
    <subfield code="e">ncip</subfield>
    <subfield code="f">20</subfield>
    <subfield code="g">y-genmusic</subfield>
  </datafield>
  <datafield tag="925" ind1="0" ind2=" ">
    <subfield code="a">acquire</subfield>
    <subfield code="b">1 shelf copy</subfield>
    <subfield code="x">policy default</subfield>
  </datafield>
  <datafield tag="955" ind1=" " ind2=" ">
    <subfield code="a">vl34 2012-05-22 z-client</subfield>
    <subfield code="i">vl34 2012-05-22</subfield>
    <subfield code="a">vk79 2012-05-30 auth subj</subfield>
    <subfield code="e">vk05 2012-05-31 to Music Division 2 copies</subfield>
    <subfield code="e">vl39 2012-06-01 to BCCD 2 copies</subfield>
  </datafield>
  <datafield tag="010" ind1=" " ind2=" ">
    <subfield code="a">  2012562534</subfield>
  </datafield>
  <datafield tag="024" ind1="1" ind2=" ">
    <subfield code="a">073999655278</subfield>
  </datafield>
  <datafield tag="028" ind1="2" ind2="2">
    <subfield code="a">BHB-31</subfield>
    <subfield code="b">Boosey &amp; Hawkes</subfield>
  </datafield>
  <datafield tag="028" ind1="3" ind2="2">
    <subfield code="a">HL48001048</subfield>
    <subfield code="b">Hal Leonard</subfield>
  </datafield>
  <datafield tag="035" ind1=" " ind2=" ">
    <subfield code="a">(OCoLC)ocm78572244</subfield>
  </datafield>
  <datafield tag="040" ind1=" " ind2=" ">
    <subfield code="a">VXO</subfield>
    <subfield code="c">VXO</subfield>
    <subfield code="d">AU@</subfield>
    <subfield code="d">DLC</subfield>
  </datafield>
  <datafield tag="042" ind1=" " ind2=" ">
    <subfield code="a">lccopycat</subfield>
  </datafield>
  <datafield tag="050" ind1="0" ind2="0">
    <subfield code="a">M258.B47</subfield>
    <subfield code="b">B44 1997</subfield>
  </datafield>
  <datafield tag="100" ind1="1" ind2=" ">
    <subfield code="a">Bernstein, Leonard,</subfield>
    <subfield code="d">1918-1990.</subfield>
  </datafield>
  <datafield tag="240" ind1="1" ind2="0">
    <subfield code="a">Works.</subfield>
    <subfield code="k">Selections;</subfield>
    <subfield code="o">arranged</subfield>
  </datafield>
  <datafield tag="245" ind1="1" ind2="0">
    <subfield code="a">Bernstein for horn and piano /</subfield>
    <subfield code="c">selected and arranged by David J. Elliot[t].</subfield>
  </datafield>
  <datafield tag="246" ind1="1" ind2="4">
    <subfield code="a">Leonard Bernstein for horn.</subfield>
  </datafield>
  <datafield tag="260" ind1=" " ind2=" ">
    <subfield code="a">[New York] :</subfield>
    <subfield code="b">Boosey &amp; Hawkes,</subfield>
    <subfield code="c">c1997.</subfield>
  </datafield>
  <datafield tag="300" ind1=" " ind2=" ">
    <subfield code="a">1 score (40 p.) + 1 part (12 p.) ;</subfield>
    <subfield code="c">31 cm.</subfield>
  </datafield>
  <datafield tag="500" ind1=" " ind2=" ">
    <subfield code="a">Pl. no.: BHB-31.</subfield>
  </datafield>
  <datafield tag="500" ind1=" " ind2=" ">
    <subfield code="a">Includes selections from West side story, Chichester psalms, Mass, Trouble in Tahiti, On the town, and Candide.</subfield>
  </datafield>
  <datafield tag="650" ind1=" " ind2="0">
    <subfield code="a">Horn and piano music, Arranged</subfield>
    <subfield code="v">Scores and parts</subfield>
  </datafield>
  <datafield tag="650" ind1=" " ind2="0">
    <subfield code="a">Musicals</subfield>
    <subfield code="v">Excerpts, Arranged.</subfield>
  </datafield>
  <datafield tag="650" ind1=" " ind2="0">
    <subfield code="a">Operas</subfield>
    <subfield code="v">Excerpts, Arranged.</subfield>
  </datafield>
  <datafield tag="650" ind1=" " ind2="0">
    <subfield code="a">Masses</subfield>
    <subfield code="v">Excerpts, Arranged.</subfield>
  </datafield>
  <datafield tag="700" ind1="1" ind2=" ">
    <subfield code="a">Elliott, David J.</subfield>
    <subfield code="q">(David James),</subfield>
    <subfield code="d">1948-</subfield>
  </datafield>
</record>