
<record>
  <leader>02332cjm a2200505 a 4500</leader>
  <controlfield tag="001">17467471</controlfield>
  <controlfield tag="005">20200102172609.0</controlfield>
  <controlfield tag="007">sd fsngnnmmned</controlfield>
  <controlfield tag="008">120919s2010    gw ctn|  defi     | ger d</controlfield>
  <datafield tag="906" ind1=" " ind2=" ">
    <subfield code="a">7</subfield>
    <subfield code="b">cbc</subfield>
    <subfield code="c">copycat</subfield>
    <subfield code="d">2</subfield>
    <subfield code="e">ncip</subfield>
    <subfield code="f">20</subfield>
    <subfield code="g">y-soundrec</subfield>
  </datafield>
  <datafield tag="925" ind1="0" ind2=" ">
    <subfield code="a">acquire</subfield>
    <subfield code="b">2 shelf copies</subfield>
    <subfield code="x">policy default</subfield>
  </datafield>
  <datafield tag="955" ind1=" " ind2=" ">
    <subfield code="a">qr12 2012-09-19 z-client</subfield>
    <subfield code="i">qr12 2012-09-19</subfield>
  </datafield>
  <datafield tag="010" ind1=" " ind2=" ">
    <subfield code="a">  2012623765</subfield>
  </datafield>
  <datafield tag="024" ind1="3" ind2=" ">
    <subfield code="a">4009350833623</subfield>
  </datafield>
  <datafield tag="028" ind1="0" ind2="2">
    <subfield code="a">83.362</subfield>
    <subfield code="b">Carus</subfield>
  </datafield>
  <datafield tag="033" ind1="2" ind2=" ">
    <subfield code="a">20100528</subfield>
    <subfield code="a">20100531</subfield>
    <subfield code="b">6299</subfield>
    <subfield code="c">W6</subfield>
  </datafield>
  <datafield tag="035" ind1=" " ind2=" ">
    <subfield code="a">(OCoLC)ocn711829711</subfield>
  </datafield>
  <datafield tag="040" ind1=" " ind2=" ">
    <subfield code="a">SINLB</subfield>
    <subfield code="c">SINLB</subfield>
    <subfield code="d">SINLB</subfield>
    <subfield code="d">CIN</subfield>
    <subfield code="d">NTE</subfield>
    <subfield code="d">TDF</subfield>
    <subfield code="d">DLC</subfield>
  </datafield>
  <datafield tag="041" ind1="0" ind2=" ">
    <subfield code="d">ger</subfield>
    <subfield code="e">eng</subfield>
    <subfield code="e">ger</subfield>
    <subfield code="n">ger</subfield>
    <subfield code="g">eng</subfield>
    <subfield code="g">fre</subfield>
    <subfield code="g">ger</subfield>
    <subfield code="m">ger</subfield>
  </datafield>
  <datafield tag="042" ind1=" " ind2=" ">
    <subfield code="a">lccopycat</subfield>
  </datafield>
  <datafield tag="050" ind1="0" ind2="0">
    <subfield code="a">SDC 18285</subfield>
  </datafield>
  <datafield tag="100" ind1="1" ind2=" ">
    <subfield code="a">Bach, Wilhelm Friedemann,</subfield>
    <subfield code="d">1710-1784.</subfield>
  </datafield>
  <datafield tag="240" ind1="1" ind2="0">
    <subfield code="a">Cantatas.</subfield>
    <subfield code="k">Selections</subfield>
  </datafield>
  <datafield tag="245" ind1="1" ind2="0">
    <subfield code="a">Kantaten.</subfield>
    <subfield code="n">I</subfield>
    <subfield code="h">[sound recording] /</subfield>
    <subfield code="c">Wilhelm Freidemann Bach.</subfield>
  </datafield>
  <datafield tag="260" ind1=" " ind2=" ">
    <subfield code="a">Stuttgart :</subfield>
    <subfield code="b">Carus,</subfield>
    <subfield code="c">p2010.</subfield>
  </datafield>
  <datafield tag="300" ind1=" " ind2=" ">
    <subfield code="a">1 sound disc (79 min., 1 sec.) :</subfield>
    <subfield code="b">digital ;</subfield>
    <subfield code="c">4 3/4 in.</subfield>
  </datafield>
  <datafield tag="306" ind1=" " ind2=" ">
    <subfield code="a">001800</subfield>
    <subfield code="a">001425</subfield>
    <subfield code="a">002430</subfield>
    <subfield code="a">002140</subfield>
  </datafield>
  <datafield tag="546" ind1=" " ind2=" ">
    <subfield code="a">Sung in German.</subfield>
  </datafield>
  <datafield tag="511" ind1="0" ind2=" ">
    <subfield code="a">Dorothee Mields, soprano ; Gerhild Romberger, alto ; Georg Poplutz, tenor ; Klaus Mertens, bass ; Bachchor Mainz ; L&apos;arpa festante ; Ralf Otto, conductor.</subfield>
  </datafield>
  <datafield tag="518" ind1=" " ind2=" ">
    <subfield code="a">Recorded May 28-31, 2010, St. Kilian, Wiesbaden.</subfield>
  </datafield>
  <datafield tag="500" ind1=" " ind2=" ">
    <subfield code="a">Compact disc.</subfield>
  </datafield>
  <datafield tag="500" ind1=" " ind2=" ">
    <subfield code="a">Program notes in German with English and French translations, and texts in German with English translations (31 p. : ill., ports.) inserted in container.</subfield>
  </datafield>
  <datafield tag="505" ind1="0" ind2=" ">
    <subfield code="a">Ach, dass du den Himmel zerrissest (18:00) -- Wohl dem, der den Herren fürchtet (14:25) -- O Wunder, wer kann dieses fassen (24:30) -- Gott fähret auf mit Jauchzen (21:40).</subfield>
  </datafield>
  <datafield tag="650" ind1=" " ind2="0">
    <subfield code="a">Cantatas, Sacred.</subfield>
  </datafield>
  <datafield tag="700" ind1="1" ind2=" ">
    <subfield code="a">Mields, Dorothee.</subfield>
    <subfield code="4">prf</subfield>
  </datafield>
  <datafield tag="700" ind1="1" ind2=" ">
    <subfield code="a">Romberger, Gerhild.</subfield>
    <subfield code="4">prf</subfield>
  </datafield>
  <datafield tag="700" ind1="1" ind2=" ">
    <subfield code="a">Poplutz, Georg.</subfield>
    <subfield code="4">prf</subfield>
  </datafield>
  <datafield tag="700" ind1="1" ind2=" ">
    <subfield code="a">Mertens, Klaus,</subfield>
    <subfield code="d">1949-</subfield>
    <subfield code="4">prf</subfield>
  </datafield>
  <datafield tag="700" ind1="1" ind2=" ">
    <subfield code="a">Otto, Ralf,</subfield>
    <subfield code="d">1956-</subfield>
    <subfield code="4">cnd</subfield>
  </datafield>
  <datafield tag="700" ind1="1" ind2="2">
    <subfield code="a">Bach, Wilhelm Friedemann,</subfield>
    <subfield code="d">1710-1784.</subfield>
    <subfield code="t">Ach, dass du den Himmel zerrissest.</subfield>
  </datafield>
  <datafield tag="700" ind1="1" ind2="2">
    <subfield code="a">Bach, Wilhelm Friedemann,</subfield>
    <subfield code="d">1710-1784.</subfield>
    <subfield code="t">O Wunder, wer kann dieses fassen.</subfield>
  </datafield>
  <datafield tag="700" ind1="1" ind2="2">
    <subfield code="a">Bach, Wilhelm Friedemann,</subfield>
    <subfield code="d">1710-1784.</subfield>
    <subfield code="t">Gott fähret auf mit Jauchzen.</subfield>
  </datafield>
  <datafield tag="700" ind1="1" ind2="2">
    <subfield code="a">Bach, Wilhelm Friedemann,</subfield>
    <subfield code="d">1710-1784.</subfield>
    <subfield code="t">Wohl dem, der den Herrn fürchtet.</subfield>
  </datafield>
  <datafield tag="710" ind1="2" ind2=" ">
    <subfield code="a">Bachchor Mainz.</subfield>
    <subfield code="4">prf</subfield>
  </datafield>
  <datafield tag="710" ind1="2" ind2=" ">
    <subfield code="a">Arpa festante (Musical group)</subfield>
    <subfield code="4">prf</subfield>
  </datafield>
</record>