
<record>
  <leader>03672cjm a2200625 a 4500</leader>
  <controlfield tag="001">17566190</controlfield>
  <controlfield tag="005">20200102172518.0</controlfield>
  <controlfield tag="007">sd fsngnnmmned</controlfield>
  <controlfield tag="008">121217t20092006gw mun|  defhi    | lat d</controlfield>
  <datafield tag="906" ind1=" " ind2=" ">
    <subfield code="a">7</subfield>
    <subfield code="b">cbc</subfield>
    <subfield code="c">copycat</subfield>
    <subfield code="d">2</subfield>
    <subfield code="e">ncip</subfield>
    <subfield code="f">20</subfield>
    <subfield code="g">y-soundrec</subfield>
  </datafield>
  <datafield tag="925" ind1="0" ind2=" ">
    <subfield code="a">acquire</subfield>
    <subfield code="b">2 shelf copies</subfield>
    <subfield code="x">policy default</subfield>
  </datafield>
  <datafield tag="955" ind1=" " ind2=" ">
    <subfield code="a">qr12 2012-12-17 z-client</subfield>
    <subfield code="i">qr12 2012-12-17</subfield>
  </datafield>
  <datafield tag="010" ind1=" " ind2=" ">
    <subfield code="a">  2012626864</subfield>
  </datafield>
  <datafield tag="024" ind1="3" ind2=" ">
    <subfield code="a">4011222324122</subfield>
  </datafield>
  <datafield tag="028" ind1="0" ind2="2">
    <subfield code="a">232412</subfield>
    <subfield code="b">Ars Musici</subfield>
  </datafield>
  <datafield tag="033" ind1="0" ind2=" ">
    <subfield code="a">20060702</subfield>
    <subfield code="b">6299</subfield>
    <subfield code="c">R4</subfield>
  </datafield>
  <datafield tag="035" ind1=" " ind2=" ">
    <subfield code="a">(OCoLC)ocn669189560</subfield>
  </datafield>
  <datafield tag="040" ind1=" " ind2=" ">
    <subfield code="a">TXH</subfield>
    <subfield code="c">TXH</subfield>
    <subfield code="d">BTCTA</subfield>
    <subfield code="d">DLC</subfield>
  </datafield>
  <datafield tag="041" ind1="0" ind2=" ">
    <subfield code="d">lat</subfield>
    <subfield code="e">ger</subfield>
    <subfield code="e">lat</subfield>
    <subfield code="g">ger</subfield>
    <subfield code="g">ita</subfield>
    <subfield code="n">lat</subfield>
  </datafield>
  <datafield tag="042" ind1=" " ind2=" ">
    <subfield code="a">lccopycat</subfield>
  </datafield>
  <datafield tag="050" ind1="0" ind2="0">
    <subfield code="a">SDC 21131</subfield>
  </datafield>
  <datafield tag="100" ind1="1" ind2=" ">
    <subfield code="a">Martini, Giovanni Battista,</subfield>
    <subfield code="d">1706-1784.</subfield>
  </datafield>
  <datafield tag="240" ind1="1" ind2="0">
    <subfield code="a">Works.</subfield>
    <subfield code="k">Selections</subfield>
  </datafield>
  <datafield tag="245" ind1="1" ind2="0">
    <subfield code="a">Geistliche Chorwerke</subfield>
    <subfield code="h">[sound recording] ;</subfield>
    <subfield code="b">Concerti /</subfield>
    <subfield code="c">Giovanni Battista Martini.</subfield>
  </datafield>
  <datafield tag="260" ind1=" " ind2=" ">
    <subfield code="a">[Germany?] :</subfield>
    <subfield code="b">Ars Musici,</subfield>
    <subfield code="c">[2009], p2006.</subfield>
  </datafield>
  <datafield tag="300" ind1=" " ind2=" ">
    <subfield code="a">1 sound disc (59 min., 1 sec.) :</subfield>
    <subfield code="b">digital, stereo ;</subfield>
    <subfield code="c">4 3/4 in.</subfield>
  </datafield>
  <datafield tag="306" ind1=" " ind2=" ">
    <subfield code="a">000820</subfield>
    <subfield code="a">000938</subfield>
    <subfield code="a">000544</subfield>
    <subfield code="a">000602</subfield>
    <subfield code="a">001304</subfield>
    <subfield code="a">001603</subfield>
  </datafield>
  <datafield tag="546" ind1=" " ind2=" ">
    <subfield code="a">Vocal works sung in Latin.</subfield>
  </datafield>
  <datafield tag="500" ind1=" " ind2=" ">
    <subfield code="a">Title from container.</subfield>
  </datafield>
  <datafield tag="511" ind1="0" ind2=" ">
    <subfield code="a">Oscar Milani, harpsichord ; Ensemble Cantissimo ; L&apos;Arpa Festante ; Markus Utz (1st, 3rd-4th, 6th works), Norbert Düchtel (2nd, 5th works), conductors.</subfield>
  </datafield>
  <datafield tag="518" ind1=" " ind2=" ">
    <subfield code="a">Recorded live in the Minoritenkirche, Regensburg, July 2, 2006.</subfield>
  </datafield>
  <datafield tag="500" ind1=" " ind2=" ">
    <subfield code="a">Compact disc.</subfield>
  </datafield>
  <datafield tag="500" ind1=" " ind2=" ">
    <subfield code="a">Program and biographical notes in German and Italian and texts in Latin with German translation (27 p. : ports.) inserted in container.</subfield>
  </datafield>
  <datafield tag="505" ind1="0" ind2=" ">
    <subfield code="a">Magnificat a 4 concertato con strumenti e ripieno : op. 15 = Magnificat in c-dorisch für 4st. Chor mit Solisten, Streichern und Basso continuo (8:20) -- Concerto con violini, oboe obbligate, trombe e violoncello obbligato = Konzert für zwei Oboen, Violoncello und Streichorchester mit Trompeten in D-Dur (9:38) -- Introitus in festo sacrorum stigmatorum S. P. Francisci Assisi : 6 voc. = Introitus zum Fest der heiligen Wundmale des heiligen Vaters Franziskus von Assisi : zu 6 Stimmen (5:44) -- Introitus in festo Translationis S. P. N. Francisci : 4 voc. = Introitus zum Fest des Heimganges unseres heiligen Vaters Franziskus : zu 4 Stimmen (6:02) -- Concerto con cembalo obbligato = Konzert für Cembalo und Orchester in F-Dur (13:04) -- Te Deum in D-Dur für 8-st. Chor und Orchester (16:03).</subfield>
  </datafield>
  <datafield tag="650" ind1=" " ind2="0">
    <subfield code="a">Choruses, Sacred (Mixed voices) with string orchestra.</subfield>
  </datafield>
  <datafield tag="650" ind1=" " ind2="0">
    <subfield code="a">Magnificat (Music)</subfield>
  </datafield>
  <datafield tag="650" ind1=" " ind2="0">
    <subfield code="a">Concertos (Oboes (2))</subfield>
  </datafield>
  <datafield tag="650" ind1=" " ind2="0">
    <subfield code="a">Choruses, Sacred (Mixed voices) with continuo.</subfield>
  </datafield>
  <datafield tag="600" ind1="0" ind2="0">
    <subfield code="a">Francis,</subfield>
    <subfield code="c">of Assisi, Saint,</subfield>
    <subfield code="d">1182-1226</subfield>
    <subfield code="v">Songs and music.</subfield>
  </datafield>
  <datafield tag="650" ind1=" " ind2="0">
    <subfield code="a">Introits (Music)</subfield>
  </datafield>
  <datafield tag="650" ind1=" " ind2="0">
    <subfield code="a">Concertos (Harpsichord)</subfield>
  </datafield>
  <datafield tag="650" ind1=" " ind2="0">
    <subfield code="a">Choruses, Sacred (Mixed voices) with orchestra.</subfield>
  </datafield>
  <datafield tag="650" ind1=" " ind2="0">
    <subfield code="a">Te Deum laudamus (Music)</subfield>
  </datafield>
  <datafield tag="655" ind1=" " ind2="7">
    <subfield code="a">Live sound recordings.</subfield>
    <subfield code="2">lcgft</subfield>
  </datafield>
  <datafield tag="700" ind1="1" ind2=" ">
    <subfield code="a">Milani, Oscar.</subfield>
    <subfield code="4">prf</subfield>
  </datafield>
  <datafield tag="700" ind1="1" ind2=" ">
    <subfield code="a">Utz, Markus,</subfield>
    <subfield code="d">1972-</subfield>
    <subfield code="4">cnd</subfield>
  </datafield>
  <datafield tag="700" ind1="1" ind2=" ">
    <subfield code="a">Düchtel, Norbert.</subfield>
    <subfield code="4">cnd</subfield>
  </datafield>
  <datafield tag="700" ind1="1" ind2="2">
    <subfield code="a">Martini, Giovanni Battista,</subfield>
    <subfield code="d">1706-1784.</subfield>
    <subfield code="t">Magnificat</subfield>
    <subfield code="n">(1747)</subfield>
  </datafield>
  <datafield tag="700" ind1="1" ind2="2">
    <subfield code="a">Martini, Giovanni Battista,</subfield>
    <subfield code="d">1706-1784.</subfield>
    <subfield code="t">Concertos,</subfield>
    <subfield code="m">oboes (2), orchestra,</subfield>
    <subfield code="r">D major.</subfield>
  </datafield>
  <datafield tag="700" ind1="1" ind2="2">
    <subfield code="a">Martini, Giovanni Battista,</subfield>
    <subfield code="d">1706-1784.</subfield>
    <subfield code="t">Introitus in festo sacrorum stigmatum Sancti Patris Francisci Assisiensis.</subfield>
  </datafield>
  <datafield tag="700" ind1="1" ind2="2">
    <subfield code="a">Martini, Giovanni Battista,</subfield>
    <subfield code="d">1706-1784.</subfield>
    <subfield code="t">Introitus in festo translationis Sancti Patris Nostri Francisci.</subfield>
  </datafield>
  <datafield tag="700" ind1="1" ind2="2">
    <subfield code="a">Martini, Giovanni Battista,</subfield>
    <subfield code="d">1706-1784.</subfield>
    <subfield code="t">Concertos,</subfield>
    <subfield code="m">harpsichord, orchestra,</subfield>
    <subfield code="r">F major.</subfield>
  </datafield>
  <datafield tag="700" ind1="1" ind2="2">
    <subfield code="a">Martini, Giovanni Battista,</subfield>
    <subfield code="d">1706-1784.</subfield>
    <subfield code="t">Te deum,</subfield>
    <subfield code="r">D major.</subfield>
  </datafield>
  <datafield tag="710" ind1="2" ind2=" ">
    <subfield code="a">Ensemble Cantissimo.</subfield>
    <subfield code="4">prf</subfield>
  </datafield>
  <datafield tag="710" ind1="2" ind2=" ">
    <subfield code="a">Arpa festante (Musical group)</subfield>
    <subfield code="4">prf</subfield>
  </datafield>
</record>