
<record>
  <leader>07854ckm a2200829 a 4500</leader>
  <controlfield tag="001">17606794</controlfield>
  <controlfield tag="005">20200102140141.0</controlfield>
  <controlfield tag="007">kh boo</controlfield>
  <controlfield tag="008">130129i18791880|||nnn |     ||   kneng  </controlfield>
  <datafield tag="906" ind1=" " ind2=" ">
    <subfield code="a">7</subfield>
    <subfield code="b">cbc</subfield>
    <subfield code="c">orignew</subfield>
    <subfield code="d">u</subfield>
    <subfield code="e">ncip</subfield>
    <subfield code="f">20</subfield>
    <subfield code="g">y-printpho</subfield>
  </datafield>
  <datafield tag="955" ind1=" " ind2=" ">
    <subfield code="a">qw08 2013-01</subfield>
  </datafield>
  <datafield tag="010" ind1=" " ind2=" ">
    <subfield code="a">  2013646213</subfield>
  </datafield>
  <datafield tag="040" ind1=" " ind2=" ">
    <subfield code="a">DLC</subfield>
    <subfield code="e">gihc</subfield>
    <subfield code="c">DLC</subfield>
  </datafield>
  <datafield tag="043" ind1=" " ind2=" ">
    <subfield code="a">a-af---</subfield>
    <subfield code="a">a-pk</subfield>
  </datafield>
  <datafield tag="050" ind1="0" ind2="0">
    <subfield code="a">Afghan album</subfield>
    <subfield code="b">[Near East Section cage]</subfield>
  </datafield>
  <datafield tag="100" ind1="1" ind2=" ">
    <subfield code="a">Burke, John,</subfield>
    <subfield code="d">-1900,</subfield>
    <subfield code="e">photographer.</subfield>
  </datafield>
  <datafield tag="245" ind1="1" ind2="0">
    <subfield code="a">Afghanistan, 1879-80</subfield>
    <subfield code="h">[graphic]</subfield>
  </datafield>
  <datafield tag="260" ind1=" " ind2=" ">
    <subfield code="c">1879-1880.</subfield>
  </datafield>
  <datafield tag="300" ind1=" " ind2=" ">
    <subfield code="a">1 album (97 albumen prints) ;</subfield>
    <subfield code="c">42.5 cm. by 32.5 cm (album)</subfield>
  </datafield>
  <datafield tag="500" ind1=" " ind2=" ">
    <subfield code="a">Album possibly compiled by a member of the British Indian government.</subfield>
  </datafield>
  <datafield tag="500" ind1=" " ind2=" ">
    <subfield code="a">Also see &quot;Treating the Second Anglo Afghan War Album: Negotiations Between Book and Photograph Conservation,&quot; Dana Hemmenway and Yasmeen R. Khan, Library of Congress, June 18, 2009. Webcast available at: http://www.loc.gov/preservation/outreach/tops/hemmenway_khan/index.html</subfield>
  </datafield>
  <datafield tag="500" ind1=" " ind2=" ">
    <subfield code="a">For discussion of the conservation of this album see: &quot;Treating the second Anglo-Afghan war album: negotiations between book and photograph conservation,&quot; Dana Hemmenway and Yasmeen R. Khan, ICOM Committee for Conservation, 15th Triennial Conference New Delhi, 2008, preprints volume II, pp. 684-690.</subfield>
  </datafield>
  <datafield tag="500" ind1=" " ind2=" ">
    <subfield code="a">Photographers include John Burke (d. 1900) (one third of images), Sir Benjamin Simpson (1831-1923)  (one third of images), Baker &amp; Burke, and Charles Shepherd (fl. 1858-1878) of Bourne &amp; Shepherd.  Some photographs are unattributed.</subfield>
  </datafield>
  <datafield tag="500" ind1=" " ind2=" ">
    <subfield code="a">Title from item.</subfield>
  </datafield>
  <datafield tag="506" ind1=" " ind2=" ">
    <subfield code="a">Use digital images. Original served only by appointment because material requires special handling. Please consult reference specialist for Near East Section, African and Middle Eastern Division.</subfield>
  </datafield>
  <datafield tag="520" ind1="0" ind2=" ">
    <subfield code="a">Afghan leaders and their families depicted include &quot;Mustanfi Habibulah Khan&quot; (prime minister under Yakub Khan); Abd al-Raḥmān Khān, Amir of Afghanistan;  Babu Khan, &quot;holder of certificate given by Cabul prisoners in 1842&quot;;  the sons of Nouroz (Nowroz) Khan of Lalpoora  (Lalpura); a group of  Afghan leaders at a durbar in Lahore (Pakistan);  the family of Dōst Moḥammad Khān, Amir of Afghanistan (1793-1863); ambassadors of Mohammed Ayub Khan, Governor of Herat province; and &quot;Sir Bolan&quot; an Achakzai chief.</subfield>
  </datafield>
  <datafield tag="520" ind1="0" ind2=" ">
    <subfield code="a">Among the many local people depicted are an Afghan girl, &quot;Afreedees&quot;  (Afridi Pashtun tribesmen), Afghan horse dealers, Hazāra people including a woman and child, Timuris (Taymani tribe), a Baluch (Baluchi) beggar, and pomegranate sellers.</subfield>
  </datafield>
  <datafield tag="520" ind1="0" ind2=" ">
    <subfield code="a">British governors of India and civil servants depicted are Sir Robert Egerton, Lieutenant Governor of Punjab; Sir Ashley Eden, Lieutenant Governor of Bengal; Sir Charles Aitchison, Governor of Punjab; Sir James Ferguson, Governor of Bombay; Sir Alfred Lyall, Sir William Muir;  Sir Andrew Clarke, and Sir Richard Meade.</subfield>
  </datafield>
  <datafield tag="520" ind1="0" ind2=" ">
    <subfield code="a">British military camps and activities make up a large proportion of the images and include a camp near Ali Masjid (Khyber pass, Pakistan), a camp at Shergai Heights (Khyber Pass), mule and elephant batteries, Gatling guns, soldiers carrying wounded, medical officers in Kandahar, a Heyland cart and pack mules, the 78th Highlanders in Barracks Square, Kandahar; Sikh &quot;Gooroos&quot; attached to Punjab regiments, a theatrical group and reproduction of a drawing showing an engagement in &quot;Khost Country,&quot; Afghanistan.</subfield>
  </datafield>
  <datafield tag="520" ind1="0" ind2=" ">
    <subfield code="a">Five panoramic photographs show Suffaid Koh (the Koh-e-Safaid mountain range west of Peshawar, Pakistan), Bala Hisar (Kabul), Kandahar, a view from Khyber to Shutugardun, and a view of Kabul from Bala Hisar.</subfield>
  </datafield>
  <datafield tag="520" ind1="0" ind2=" ">
    <subfield code="a">Landscape photographs show the Khyber Pass, the Lundi Kotal pass, the Kohat pass, and Baba Wali Kotal. Structures depicted include the  Peshawar Fort (Bala Hisar) in Peshawar, Pakistan; the Jumrood (Jamrud) Fort, Pakistan, the Buddhist Sphola Stupa at Isplala (Kyber Pass), an Afghan water mill and the bridge across Indus at Attock, Pakistan.</subfield>
  </datafield>
  <datafield tag="520" ind1="0" ind2=" ">
    <subfield code="a">Photographs depict people and locations associated with the Second Anglo-Afghan War (1878-1880). Shown are British and Afghan leaders and military personnel, Afghan people, British military camps and activities, structures, landscapes, and cities and towns. Images depict places that are within the borders of current day Afghanistan and Pakistan (formerly British India).</subfield>
  </datafield>
  <datafield tag="520" ind1="0" ind2=" ">
    <subfield code="a">Photographs of two documents include a certificate signed by British General William Elphinstone and other prisoners who were captured during the 1842 retreat from Kabul during the First Anglo-Afghan War, and a bill of exchange for payment of ransom from the British explorer William Moorcroft.</subfield>
  </datafield>
  <datafield tag="520" ind1="0" ind2=" ">
    <subfield code="a">Portraits of British military officers include Sir Donald Stewart, General Dunham-Massy, Colonel Mowbray Thomson, Lord William Beresford, Sir Frederick Haines, Sir Peter Lumsden, Sir George Colley, Field Marshal Frederick Roberts with &quot;Sirdars&quot; in Kabul, and General Hume and his staff at Kandahar.</subfield>
  </datafield>
  <datafield tag="520" ind1="0" ind2=" ">
    <subfield code="a">Towns and cities shown include Lundi Kotal (Landi Kotal, Pakistan), Pipers Hill and the Amir&apos;s garden in Jellalabad (Jalālābād) and the Shumshere (Shamshere) Bridge in Kabul. The majority of city views depict Kandahar and include street scenes, people, Barracks Square, a signal tower, the Tomb of Ahmad Shah Durani, Artillery Square, a courtyard of &quot;Wali Shere Ali&apos;s Zenana&quot; (the women&apos;s quarters of Amir Sher Ali&apos;s home), camels in front of Durrani (Durani gate), Chilzina (a rock cut chamber in the north side of the Kandahar citadel), and Kirka Sherif  (Shrine of the Cloak), where the mantle of the Prophet is preserved.</subfield>
  </datafield>
  <datafield tag="540" ind1=" " ind2=" ">
    <subfield code="a">No known restrictions on publication.</subfield>
  </datafield>
  <datafield tag="541" ind1=" " ind2=" ">
    <subfield code="a">Source unknown.</subfield>
  </datafield>
  <datafield tag="600" ind1="0" ind2="0">
    <subfield code="a">ʻAbd al-Raḥmān Khān,</subfield>
    <subfield code="c">Amir of Afghanistan,</subfield>
    <subfield code="d">-1901.</subfield>
  </datafield>
  <datafield tag="600" ind1="0" ind2="4">
    <subfield code="a">Dōst Moḥammad Khān,</subfield>
    <subfield code="c">Amir of Afghanistan,</subfield>
    <subfield code="d">1793-1863</subfield>
    <subfield code="x">Family.</subfield>
  </datafield>
  <datafield tag="600" ind1="1" ind2="0">
    <subfield code="a">Eden, Ashley,</subfield>
    <subfield code="c">Sir,</subfield>
    <subfield code="d">1831-1887.</subfield>
  </datafield>
  <datafield tag="600" ind1="1" ind2="0">
    <subfield code="a">Lyall, Alfred Comyn,</subfield>
    <subfield code="c">Sir,</subfield>
    <subfield code="d">1835-1911.</subfield>
  </datafield>
  <datafield tag="600" ind1="1" ind2="0">
    <subfield code="a">Thomson, Mowbray.</subfield>
  </datafield>
  <datafield tag="650" ind1=" " ind2="0">
    <subfield code="a">Afghan Wars.</subfield>
  </datafield>
  <datafield tag="650" ind1=" " ind2="4">
    <subfield code="a">Afghans</subfield>
    <subfield code="y">1870-1880.</subfield>
  </datafield>
  <datafield tag="650" ind1=" " ind2="4">
    <subfield code="a">British</subfield>
    <subfield code="x">Military service</subfield>
    <subfield code="z">Afghanistan</subfield>
    <subfield code="y">1870-1880.</subfield>
  </datafield>
  <datafield tag="650" ind1=" " ind2="7">
    <subfield code="a">Bridges</subfield>
    <subfield code="z">Afghanistan</subfield>
    <subfield code="y">1870-1880.</subfield>
    <subfield code="2">lctgm</subfield>
  </datafield>
  <datafield tag="650" ind1=" " ind2="7">
    <subfield code="a">Cities &amp; towns</subfield>
    <subfield code="z">Afghanistan</subfield>
    <subfield code="y">1870-1880.</subfield>
    <subfield code="2">lctgm</subfield>
  </datafield>
  <datafield tag="650" ind1=" " ind2="7">
    <subfield code="a">City &amp; town life</subfield>
    <subfield code="z">Afghanistan</subfield>
    <subfield code="y">1870-1880.</subfield>
    <subfield code="2">lctgm</subfield>
  </datafield>
  <datafield tag="650" ind1=" " ind2="7">
    <subfield code="a">Firearms</subfield>
    <subfield code="z">Afghanistan</subfield>
    <subfield code="y">1870-1880.</subfield>
    <subfield code="2">lctgm</subfield>
  </datafield>
  <datafield tag="650" ind1=" " ind2="7">
    <subfield code="a">Forts &amp; fortifications</subfield>
    <subfield code="z">Afghanistan</subfield>
    <subfield code="y">1870-1880.</subfield>
    <subfield code="2">lctgm</subfield>
  </datafield>
  <datafield tag="650" ind1=" " ind2="7">
    <subfield code="a">Forts &amp; fortifications</subfield>
    <subfield code="z">Pakistan</subfield>
    <subfield code="y">1870-1880.</subfield>
    <subfield code="2">lctgm</subfield>
  </datafield>
  <datafield tag="650" ind1=" " ind2="7">
    <subfield code="a">Historic sites</subfield>
    <subfield code="z">Afghanistan</subfield>
    <subfield code="y">1870-1880.</subfield>
    <subfield code="2">lctgm</subfield>
  </datafield>
  <datafield tag="650" ind1=" " ind2="7">
    <subfield code="a">Historic sites</subfield>
    <subfield code="z">Pakistan</subfield>
    <subfield code="y">1870-1880.</subfield>
    <subfield code="2">lctgm</subfield>
  </datafield>
  <datafield tag="650" ind1=" " ind2="7">
    <subfield code="a">Military camps</subfield>
    <subfield code="x">British</subfield>
    <subfield code="z">Pakistan</subfield>
    <subfield code="y">1870-1880.</subfield>
    <subfield code="2">lctgm</subfield>
  </datafield>
  <datafield tag="650" ind1=" " ind2="7">
    <subfield code="a">Military officers</subfield>
    <subfield code="x">British</subfield>
    <subfield code="z">Afghanistan</subfield>
    <subfield code="y">1870-1880.</subfield>
    <subfield code="2">lctgm</subfield>
  </datafield>
  <datafield tag="650" ind1=" " ind2="7">
    <subfield code="a">Military personnel</subfield>
    <subfield code="x">Afghan</subfield>
    <subfield code="z">Afghanistan</subfield>
    <subfield code="y">1870-1880.</subfield>
    <subfield code="2">lctgm</subfield>
  </datafield>
  <datafield tag="650" ind1=" " ind2="7">
    <subfield code="a">Military personnel</subfield>
    <subfield code="x">British</subfield>
    <subfield code="z">Afghanistan</subfield>
    <subfield code="y">1870-1880.</subfield>
    <subfield code="2">lctgm</subfield>
  </datafield>
  <datafield tag="650" ind1=" " ind2="7">
    <subfield code="a">Streets</subfield>
    <subfield code="z">Afghanistan</subfield>
    <subfield code="y">1870-1880.</subfield>
    <subfield code="2">lctgm</subfield>
  </datafield>
  <datafield tag="651" ind1=" " ind2="0">
    <subfield code="a">Afghanistan</subfield>
    <subfield code="x">History.</subfield>
  </datafield>
  <datafield tag="651" ind1=" " ind2="0">
    <subfield code="a">Kandahār (Afghanistan)</subfield>
    <subfield code="y">1870-1880.</subfield>
  </datafield>
  <datafield tag="655" ind1=" " ind2="7">
    <subfield code="a">Albumen prints</subfield>
    <subfield code="y">1870-1880.</subfield>
    <subfield code="2">gmgpc</subfield>
  </datafield>
  <datafield tag="655" ind1=" " ind2="7">
    <subfield code="a">Group portraits</subfield>
    <subfield code="y">1870-1880.</subfield>
    <subfield code="2">gmgpc</subfield>
  </datafield>
  <datafield tag="655" ind1=" " ind2="7">
    <subfield code="a">Landscape photographs</subfield>
    <subfield code="y">1870-1880.</subfield>
    <subfield code="2">gmgpc</subfield>
  </datafield>
  <datafield tag="655" ind1=" " ind2="7">
    <subfield code="a">Manuscripts</subfield>
    <subfield code="y">1870-1880.</subfield>
    <subfield code="2">gmgpc</subfield>
  </datafield>
  <datafield tag="655" ind1=" " ind2="7">
    <subfield code="a">Panoramic photographs</subfield>
    <subfield code="y">1870-1880.</subfield>
    <subfield code="2">gmgpc</subfield>
  </datafield>
  <datafield tag="655" ind1=" " ind2="7">
    <subfield code="a">Photograph albums</subfield>
    <subfield code="y">1870-1880.</subfield>
    <subfield code="2">gmgpc</subfield>
  </datafield>
  <datafield tag="655" ind1=" " ind2="7">
    <subfield code="a">Portrait photographs</subfield>
    <subfield code="y">1870-1880.</subfield>
    <subfield code="2">gmgpc</subfield>
  </datafield>
  <datafield tag="700" ind1="1" ind2=" ">
    <subfield code="a">Baker, William,</subfield>
    <subfield code="d">-1880,</subfield>
    <subfield code="e">photographer.</subfield>
  </datafield>
  <datafield tag="852" ind1=" " ind2=" ">
    <subfield code="a">Library of Congress</subfield>
    <subfield code="b">African and Middle Eastern Division</subfield>
    <subfield code="e">Washington, D.C. 20540 USA</subfield>
    <subfield code="n">dcu</subfield>
  </datafield>
  <datafield tag="856" ind1="4" ind2="0">
    <subfield code="d">amedscd</subfield>
    <subfield code="f">2013646213</subfield>
    <subfield code="u">https://hdl.loc.gov/loc.amed/amedscd.2013646213</subfield>
  </datafield>
  <datafield tag="985" ind1=" " ind2=" ">
    <subfield code="a">amed/amedscd</subfield>
  </datafield>
  <datafield tag="991" ind1=" " ind2=" ">
    <subfield code="b">c-AMED</subfield>
    <subfield code="m">(Near East Section cage) (USE DIGITAL IMAGES)</subfield>
    <subfield code="v">obj.</subfield>
  </datafield>
</record>