
<record>
  <leader>03072cjm a2200553 a 4500</leader>
  <controlfield tag="001">17632721</controlfield>
  <controlfield tag="005">20200102173301.0</controlfield>
  <controlfield tag="007">sd fsngnnmmned</controlfield>
  <controlfield tag="008">130221s2010    be mun|  defi     | lat d</controlfield>
  <datafield tag="906" ind1=" " ind2=" ">
    <subfield code="a">7</subfield>
    <subfield code="b">cbc</subfield>
    <subfield code="c">copycat</subfield>
    <subfield code="d">2</subfield>
    <subfield code="e">ncip</subfield>
    <subfield code="f">20</subfield>
    <subfield code="g">y-soundrec</subfield>
  </datafield>
  <datafield tag="925" ind1="0" ind2=" ">
    <subfield code="a">acquire</subfield>
    <subfield code="b">2 shelf copies</subfield>
    <subfield code="x">policy default</subfield>
  </datafield>
  <datafield tag="955" ind1=" " ind2=" ">
    <subfield code="a">qr12 2013-02-21 z-client</subfield>
    <subfield code="i">qr12 2013-02-21</subfield>
  </datafield>
  <datafield tag="010" ind1=" " ind2=" ">
    <subfield code="a">  2013617350</subfield>
  </datafield>
  <datafield tag="024" ind1="3" ind2=" ">
    <subfield code="a">4250128510097</subfield>
  </datafield>
  <datafield tag="028" ind1="0" ind2="2">
    <subfield code="a">RAM 1009</subfield>
    <subfield code="b">Ramée</subfield>
  </datafield>
  <datafield tag="033" ind1="0" ind2=" ">
    <subfield code="a">201001--</subfield>
    <subfield code="b">6299</subfield>
    <subfield code="c">W64</subfield>
  </datafield>
  <datafield tag="035" ind1=" " ind2=" ">
    <subfield code="a">(OCoLC)ocn694397787</subfield>
  </datafield>
  <datafield tag="040" ind1=" " ind2=" ">
    <subfield code="a">BTCTA</subfield>
    <subfield code="b">eng</subfield>
    <subfield code="c">BTCTA</subfield>
    <subfield code="d">CIN</subfield>
    <subfield code="d">TDF</subfield>
    <subfield code="d">OBE</subfield>
    <subfield code="d">DLC</subfield>
  </datafield>
  <datafield tag="041" ind1="0" ind2=" ">
    <subfield code="d">lat</subfield>
    <subfield code="e">eng</subfield>
    <subfield code="e">fre</subfield>
    <subfield code="e">ger</subfield>
    <subfield code="e">lat</subfield>
    <subfield code="g">eng</subfield>
    <subfield code="g">fre</subfield>
    <subfield code="g">ger</subfield>
    <subfield code="n">lat</subfield>
  </datafield>
  <datafield tag="042" ind1=" " ind2=" ">
    <subfield code="a">lccopycat</subfield>
  </datafield>
  <datafield tag="047" ind1=" " ind2=" ">
    <subfield code="a">mo</subfield>
    <subfield code="a">ts</subfield>
  </datafield>
  <datafield tag="050" ind1="0" ind2="0">
    <subfield code="a">SDC 22485</subfield>
  </datafield>
  <datafield tag="100" ind1="1" ind2=" ">
    <subfield code="a">Rosenmüller, Johann,</subfield>
    <subfield code="d">approximately 1619-1684.</subfield>
  </datafield>
  <datafield tag="240" ind1="1" ind2="0">
    <subfield code="a">Works.</subfield>
    <subfield code="k">Selections</subfield>
  </datafield>
  <datafield tag="245" ind1="1" ind2="0">
    <subfield code="a">Vox dilecti mei</subfield>
    <subfield code="h">[sound recording] /</subfield>
    <subfield code="c">Johann Rosenmüller.</subfield>
  </datafield>
  <datafield tag="260" ind1=" " ind2=" ">
    <subfield code="a">[Brussels] :</subfield>
    <subfield code="b">Ramée,</subfield>
    <subfield code="c">p2010.</subfield>
  </datafield>
  <datafield tag="300" ind1=" " ind2=" ">
    <subfield code="a">1 sound disc (66 min., 5 sec.) :</subfield>
    <subfield code="b">digital ;</subfield>
    <subfield code="c">4 3/4 in.</subfield>
  </datafield>
  <datafield tag="306" ind1=" " ind2=" ">
    <subfield code="a">001039</subfield>
    <subfield code="a">000442</subfield>
    <subfield code="a">000322</subfield>
    <subfield code="a">001000</subfield>
    <subfield code="a">000447</subfield>
    <subfield code="a">000712</subfield>
    <subfield code="a">001018</subfield>
    <subfield code="a">000530</subfield>
    <subfield code="a">000930</subfield>
  </datafield>
  <datafield tag="500" ind1=" " ind2=" ">
    <subfield code="a">&quot;Solo motets and sonatas&quot;--Container.</subfield>
  </datafield>
  <datafield tag="546" ind1=" " ind2=" ">
    <subfield code="a">The vocal works sung in Latin.</subfield>
  </datafield>
  <datafield tag="511" ind1="0" ind2=" ">
    <subfield code="a">Alex Potter, countertenor ; Chelycus.</subfield>
  </datafield>
  <datafield tag="518" ind1=" " ind2=" ">
    <subfield code="a">Recorded Jan. 2010, Church of St. Georg, Sengwarden, Germany.</subfield>
  </datafield>
  <datafield tag="500" ind1=" " ind2=" ">
    <subfield code="a">Compact disc.</subfield>
  </datafield>
  <datafield tag="500" ind1=" " ind2=" ">
    <subfield code="a">Program notes by Peter Wollny and biographical notes on the performers in English, French, and German, and texts with English, French, and German translations (30 p. : ports.) bound in container.</subfield>
  </datafield>
  <datafield tag="505" ind1="0" ind2=" ">
    <subfield code="a">O Salvator dilectissime (10:39) -- Sonata XII (4:42) -- Christum ducem qui per crucem (3:22) -- In te Domine speravi (10:00) -- Sonata III (4:47) -- O dives omnium bonarum (7:12) -- Vox dilecti mei (10:18) -- Sonata a doi violini (5:30) -- O anima mea suspira ardenter (9:30).</subfield>
  </datafield>
  <datafield tag="650" ind1=" " ind2="0">
    <subfield code="a">Sacred songs (High voice) with instrumental ensemble.</subfield>
  </datafield>
  <datafield tag="650" ind1=" " ind2="0">
    <subfield code="a">Motets.</subfield>
  </datafield>
  <datafield tag="650" ind1=" " ind2="0">
    <subfield code="a">Trio sonatas (Violins (2), continuo)</subfield>
  </datafield>
  <datafield tag="700" ind1="1" ind2=" ">
    <subfield code="a">Potter, Alex.</subfield>
    <subfield code="4">voc</subfield>
  </datafield>
  <datafield tag="700" ind1="1" ind2="2">
    <subfield code="a">Rosenmüller, Johann,</subfield>
    <subfield code="d">approximately 1619-1684.</subfield>
    <subfield code="t">O Salvator dilectissime.</subfield>
  </datafield>
  <datafield tag="700" ind1="1" ind2="2">
    <subfield code="a">Rosenmüller, Johann,</subfield>
    <subfield code="d">approximately 1619-1684.</subfield>
    <subfield code="t">Sonatas</subfield>
    <subfield code="n">(1682).</subfield>
    <subfield code="n">No. 12.</subfield>
  </datafield>
  <datafield tag="700" ind1="1" ind2="2">
    <subfield code="a">Rosenmüller, Johann,</subfield>
    <subfield code="d">approximately 1619-1684.</subfield>
    <subfield code="t">Andere Kern-Sprüche.</subfield>
    <subfield code="p">Christum ducem, qui per crucem.</subfield>
  </datafield>
  <datafield tag="700" ind1="1" ind2="2">
    <subfield code="a">Rosenmüller, Johann,</subfield>
    <subfield code="d">approximately 1619-1684.</subfield>
    <subfield code="t">In te Domine speravi,</subfield>
    <subfield code="m">singer, bowed string instruments (5), continuo (Staatsbibliothek zu Berlin Preussischer Kulturbesitz: Mus. Ms. 18889/2)</subfield>
  </datafield>
  <datafield tag="700" ind1="1" ind2="2">
    <subfield code="a">Rosenmüller, Johann,</subfield>
    <subfield code="d">approximately 1619-1684.</subfield>
    <subfield code="t">Sonatas</subfield>
    <subfield code="n">(1682).</subfield>
    <subfield code="n">No. 3.</subfield>
  </datafield>
  <datafield tag="700" ind1="1" ind2="2">
    <subfield code="a">Rosenmüller, Johann,</subfield>
    <subfield code="d">approximately 1619-1684.</subfield>
    <subfield code="t">Andere Kern-Sprüche.</subfield>
    <subfield code="p">O dives omnium bonarum dapum.</subfield>
  </datafield>
  <datafield tag="700" ind1="1" ind2="2">
    <subfield code="a">Rosenmüller, Johann,</subfield>
    <subfield code="d">approximately 1619-1684.</subfield>
    <subfield code="t">Vox dilecti mei.</subfield>
  </datafield>
  <datafield tag="700" ind1="1" ind2="2">
    <subfield code="a">Rosenmüller, Johann,</subfield>
    <subfield code="d">approximately 1619-1684.</subfield>
    <subfield code="t">Sonatas,</subfield>
    <subfield code="m">violins (2), continuo,</subfield>
    <subfield code="r">D major.</subfield>
  </datafield>
  <datafield tag="700" ind1="1" ind2="2">
    <subfield code="a">Rosenmüller, Johann,</subfield>
    <subfield code="d">approximately 1619-1684.</subfield>
    <subfield code="t">O anima mea, suspira ardenter.</subfield>
  </datafield>
  <datafield tag="710" ind1="2" ind2=" ">
    <subfield code="a">Chelycus (Musical group)</subfield>
    <subfield code="4">prf</subfield>
  </datafield>
</record>