
<record>
  <leader>01315cam a22003377i 4500</leader>
  <controlfield tag="001">17633833</controlfield>
  <controlfield tag="005">20200102075012.0</controlfield>
  <controlfield tag="008">130222s2012    ua            000 0 ara  </controlfield>
  <datafield tag="906" ind1=" " ind2=" ">
    <subfield code="a">7</subfield>
    <subfield code="b">cbc</subfield>
    <subfield code="c">origode</subfield>
    <subfield code="d">4</subfield>
    <subfield code="e">ncip</subfield>
    <subfield code="f">20</subfield>
    <subfield code="g">y-nonroman</subfield>
  </datafield>
  <datafield tag="925" ind1="0" ind2=" ">
    <subfield code="a">acquire</subfield>
    <subfield code="b">1 shelf copy</subfield>
    <subfield code="x">policy default</subfield>
  </datafield>
  <datafield tag="955" ind1=" " ind2=" ">
    <subfield code="b">we50 2013-02-22;</subfield>
    <subfield code="c">we50 2013-02-22 to ASME/ME</subfield>
  </datafield>
  <datafield tag="010" ind1=" " ind2=" ">
    <subfield code="a">  2012506447</subfield>
  </datafield>
  <datafield tag="020" ind1=" " ind2=" ">
    <subfield code="a">9789774931000</subfield>
  </datafield>
  <datafield tag="040" ind1=" " ind2=" ">
    <subfield code="a">DLC</subfield>
    <subfield code="b">eng</subfield>
    <subfield code="c">DLC</subfield>
    <subfield code="e">rda</subfield>
  </datafield>
  <datafield tag="042" ind1=" " ind2=" ">
    <subfield code="a">pcc</subfield>
    <subfield code="a">lcode</subfield>
  </datafield>
  <datafield tag="050" ind1="0" ind2="0">
    <subfield code="a">MLCSN 2012/00511 (P)</subfield>
  </datafield>
  <datafield tag="066" ind1=" " ind2=" ">
    <subfield code="c">(3</subfield>
  </datafield>
  <datafield tag="100" ind1="1" ind2=" ">
    <subfield code="6">880-01</subfield>
    <subfield code="a">Ḥammūtī, ʻĪsá,</subfield>
    <subfield code="d">1955-</subfield>
  </datafield>
  <datafield tag="880" ind1="1" ind2=" ">
    <subfield code="6">100-01/(3/r‏</subfield>
    <subfield code="a">‏حموتي، عيسي.</subfield>
  </datafield>
  <datafield tag="245" ind1="1" ind2="3">
    <subfield code="6">880-02</subfield>
    <subfield code="a">al-Hijrah al-maʻkūsah :</subfield>
    <subfield code="b">riwāyah /</subfield>
    <subfield code="c">ʻĪsá Ḥammūtī.</subfield>
  </datafield>
  <datafield tag="880" ind1="1" ind2="2">
    <subfield code="6">245-02/(3/r‏</subfield>
    <subfield code="a">‏الهجرة المعكوسة :‏</subfield>
    <subfield code="b">‏رواية /‏</subfield>
    <subfield code="c">‏عيسي حموتي.</subfield>
  </datafield>
  <datafield tag="250" ind1=" " ind2=" ">
    <subfield code="6">880-03</subfield>
    <subfield code="a">al-Ṭabʻah al-ūlá.</subfield>
  </datafield>
  <datafield tag="880" ind1=" " ind2=" ">
    <subfield code="6">250-03/(3/r‏</subfield>
    <subfield code="a">‏الطبعة الأولى.</subfield>
  </datafield>
  <datafield tag="264" ind1=" " ind2="1">
    <subfield code="6">880-04</subfield>
    <subfield code="a">al-Muqaṭṭam, al-Qāhirah :</subfield>
    <subfield code="b">Shams lil-Nashr wa-al-Tawzīʻ,</subfield>
    <subfield code="c">2012.</subfield>
  </datafield>
  <datafield tag="880" ind1=" " ind2="1">
    <subfield code="6">264-04/(3/r‏</subfield>
    <subfield code="a">‏المقطم، القاهرة :‏</subfield>
    <subfield code="b">‏شمس للنشر والتوزيع،‏</subfield>
    <subfield code="c">‏2012.</subfield>
  </datafield>
  <datafield tag="300" ind1=" " ind2=" ">
    <subfield code="a">95 pages ;</subfield>
    <subfield code="c">20 cm</subfield>
  </datafield>
  <datafield tag="336" ind1=" " ind2=" ">
    <subfield code="a">text</subfield>
    <subfield code="2">rdacontent</subfield>
  </datafield>
  <datafield tag="337" ind1=" " ind2=" ">
    <subfield code="a">unmediated</subfield>
    <subfield code="2">rdamedia</subfield>
  </datafield>
  <datafield tag="338" ind1=" " ind2=" ">
    <subfield code="a">volume</subfield>
    <subfield code="2">rdacarrier</subfield>
  </datafield>
  <datafield tag="520" ind1=" " ind2=" ">
    <subfield code="a">Novel.</subfield>
  </datafield>
  <datafield tag="985" ind1=" " ind2=" ">
    <subfield code="e">ODE-ca</subfield>
  </datafield>
</record>