
<record>
  <leader>02581cam a22003855i 4500</leader>
  <controlfield tag="001">17698048</controlfield>
  <controlfield tag="005">20200102145815.0</controlfield>
  <controlfield tag="008">130415s2014    oruach        001 0beng  </controlfield>
  <datafield tag="906" ind1=" " ind2=" ">
    <subfield code="a">0</subfield>
    <subfield code="b">ibc</subfield>
    <subfield code="c">orignew</subfield>
    <subfield code="d">2</subfield>
    <subfield code="e">epcn</subfield>
    <subfield code="f">20</subfield>
    <subfield code="g">y-gencatlg</subfield>
  </datafield>
  <datafield tag="925" ind1="0" ind2=" ">
    <subfield code="a">acquire</subfield>
    <subfield code="b">1 shelf copy</subfield>
    <subfield code="x">Sel/rjc, 2016-02-23</subfield>
  </datafield>
  <datafield tag="955" ind1=" " ind2=" ">
    <subfield code="a">pc16 2013-04-15</subfield>
    <subfield code="a">xn11 2016-06-01 1 copy rec&apos;d., to USASH</subfield>
    <subfield code="b">rf10 2016-11-03 to HMS</subfield>
    <subfield code="c">rf07 2017-05-25 to rf01 review and add NAR</subfield>
    <subfield code="d">rf27 2020-01-02 to SL</subfield>
  </datafield>
  <datafield tag="010" ind1=" " ind2=" ">
    <subfield code="a">  2013937961</subfield>
  </datafield>
  <datafield tag="020" ind1=" " ind2=" ">
    <subfield code="a">9781937584450</subfield>
    <subfield code="q">(pbk.)</subfield>
  </datafield>
  <datafield tag="020" ind1=" " ind2=" ">
    <subfield code="z">9781937584467</subfield>
    <subfield code="q">(Epub)</subfield>
  </datafield>
  <datafield tag="020" ind1=" " ind2=" ">
    <subfield code="z">9781937584474</subfield>
    <subfield code="q">(Mobi)</subfield>
  </datafield>
  <datafield tag="040" ind1=" " ind2=" ">
    <subfield code="a">DLC</subfield>
    <subfield code="b">eng</subfield>
    <subfield code="e">rda</subfield>
    <subfield code="c">DLC</subfield>
  </datafield>
  <datafield tag="042" ind1=" " ind2=" ">
    <subfield code="a">pcc</subfield>
  </datafield>
  <datafield tag="050" ind1="0" ind2="0">
    <subfield code="a">E840.8</subfield>
  </datafield>
  <datafield tag="100" ind1="1" ind2=" ">
    <subfield code="a">Kaiser, Scott,</subfield>
    <subfield code="e">author.</subfield>
  </datafield>
  <datafield tag="245" ind1="1" ind2="0">
    <subfield code="a">Edwin Kaiser&apos;s covert life :</subfield>
    <subfield code="b">and his little black book linking Cuba, Watergate &amp; the JFK assassination /</subfield>
    <subfield code="c">Scott Kaiser.</subfield>
  </datafield>
  <datafield tag="250" ind1=" " ind2=" ">
    <subfield code="a">First edition.</subfield>
  </datafield>
  <datafield tag="264" ind1=" " ind2="1">
    <subfield code="a">Walterville, OR :</subfield>
    <subfield code="b">Trine Day LLC,</subfield>
    <subfield code="c">[2014]</subfield>
  </datafield>
  <datafield tag="300" ind1=" " ind2=" ">
    <subfield code="a">xi, 248 pages :</subfield>
    <subfield code="b">illustrations, facsimiles, portraits ;</subfield>
    <subfield code="c">23 cm</subfield>
  </datafield>
  <datafield tag="336" ind1=" " ind2=" ">
    <subfield code="a">text</subfield>
    <subfield code="b">txt</subfield>
    <subfield code="2">rdacontent</subfield>
  </datafield>
  <datafield tag="337" ind1=" " ind2=" ">
    <subfield code="a">unmediated</subfield>
    <subfield code="b">n</subfield>
    <subfield code="2">rdamedia</subfield>
  </datafield>
  <datafield tag="338" ind1=" " ind2=" ">
    <subfield code="a">volume</subfield>
    <subfield code="b">nc</subfield>
    <subfield code="2">rdacarrier</subfield>
  </datafield>
  <datafield tag="500" ind1=" " ind2=" ">
    <subfield code="a">Includes index.</subfield>
  </datafield>
  <datafield tag="520" ind1=" " ind2=" ">
    <subfield code="a">&quot;Edwin Benjamin Kaiser was a thrill-seeking patriot who became enmeshed with many of America&apos;s biggest conspiracies, the full significance of which is pieced together and explored in this exciting account by his son, Scott Kaiser. Through handwritten letters and contact book entries left by Edwin Kaiser, and a bevy of discovered government documents, an exciting puzzle forms around the life of a man who was at once a patriot, an arms smuggler, a revolutionary leader, an assassin, and a husband and father. In the 1970s Edwin was the military head of an anti-Castro movement called Cubanos Unidos, and during his life he was frequently in contact with Frank Sturgis-during which time Edwin confessed to the author an assassination plot against President Nixon and confirmed Sturgis&apos; role in the death of JFK. This thrilling mix of paramilitary bravado, government conspiracy, family history, and firsthand anecdote shows how Edwin Kaiser was willing to lay it all on the line to accomplish what he thought was right&quot;--From publisher.</subfield>
  </datafield>
  <datafield tag="600" ind1="1" ind2="0">
    <subfield code="a">Kaiser, Edwin Benjamin,</subfield>
    <subfield code="d">1935-1977.</subfield>
  </datafield>
  <datafield tag="600" ind1="1" ind2="0">
    <subfield code="a">Kennedy, John F.</subfield>
    <subfield code="q">(John Fitzgerald),</subfield>
    <subfield code="d">1917-1963</subfield>
    <subfield code="x">Assassination.</subfield>
  </datafield>
  <datafield tag="650" ind1=" " ind2="0">
    <subfield code="a">Watergate Affair, 1972-1974.</subfield>
  </datafield>
  <datafield tag="651" ind1=" " ind2="0">
    <subfield code="a">Cuba</subfield>
    <subfield code="x">History</subfield>
    <subfield code="y">1959-1990.</subfield>
  </datafield>
  <datafield tag="651" ind1=" " ind2="0">
    <subfield code="a">United States</subfield>
    <subfield code="x">Politics and government</subfield>
    <subfield code="y">1945-1989.</subfield>
  </datafield>
  <datafield tag="650" ind1=" " ind2="0">
    <subfield code="a">Dissenters</subfield>
    <subfield code="z">United States</subfield>
    <subfield code="v">Biography.</subfield>
  </datafield>
  <datafield tag="650" ind1=" " ind2="0">
    <subfield code="a">Paramilitary forces</subfield>
    <subfield code="z">United States</subfield>
    <subfield code="v">Biography.</subfield>
  </datafield>
</record>