
<record>
  <leader>02323cjm a2200481 a 4500</leader>
  <controlfield tag="001">17728042</controlfield>
  <controlfield tag="005">20200102172630.0</controlfield>
  <controlfield tag="007">sd fsngnnmmned</controlfield>
  <controlfield tag="007">sd fzngnnmmned</controlfield>
  <controlfield tag="008">130507p20102009gw mun|  fgi      | zxx d</controlfield>
  <datafield tag="906" ind1=" " ind2=" ">
    <subfield code="a">7</subfield>
    <subfield code="b">cbc</subfield>
    <subfield code="c">copycat</subfield>
    <subfield code="d">2</subfield>
    <subfield code="e">ncip</subfield>
    <subfield code="f">20</subfield>
    <subfield code="g">y-soundrec</subfield>
  </datafield>
  <datafield tag="925" ind1="0" ind2=" ">
    <subfield code="a">acquire</subfield>
    <subfield code="b">2 shelf copies</subfield>
    <subfield code="x">policy default</subfield>
  </datafield>
  <datafield tag="955" ind1=" " ind2=" ">
    <subfield code="a">qr27 2013-05-07 z-client</subfield>
    <subfield code="i">qr27 2013-05-07</subfield>
  </datafield>
  <datafield tag="010" ind1=" " ind2=" ">
    <subfield code="a">  2013619837</subfield>
  </datafield>
  <datafield tag="024" ind1="3" ind2=" ">
    <subfield code="a">4260052380680</subfield>
  </datafield>
  <datafield tag="028" ind1="0" ind2="2">
    <subfield code="a">ARS 38 068</subfield>
    <subfield code="b">Ars Produktion</subfield>
  </datafield>
  <datafield tag="033" ind1="0" ind2=" ">
    <subfield code="a">200905--</subfield>
    <subfield code="b">6299</subfield>
    <subfield code="c">E5</subfield>
  </datafield>
  <datafield tag="035" ind1=" " ind2=" ">
    <subfield code="a">(OCoLC)ocn707500473</subfield>
  </datafield>
  <datafield tag="040" ind1=" " ind2=" ">
    <subfield code="a">LGG</subfield>
    <subfield code="c">LGG</subfield>
    <subfield code="d">LGG</subfield>
    <subfield code="d">MNU</subfield>
    <subfield code="d">OCLCQ</subfield>
    <subfield code="d">OCLCO</subfield>
    <subfield code="d">DLC</subfield>
  </datafield>
  <datafield tag="041" ind1="0" ind2=" ">
    <subfield code="g">eng</subfield>
    <subfield code="g">ger</subfield>
    <subfield code="m">ger</subfield>
  </datafield>
  <datafield tag="042" ind1=" " ind2=" ">
    <subfield code="a">lccopycat</subfield>
  </datafield>
  <datafield tag="050" ind1="0" ind2="0">
    <subfield code="a">SDC 24925</subfield>
  </datafield>
  <datafield tag="110" ind1="2" ind2=" ">
    <subfield code="a">Arpa Festante (Musical group)</subfield>
    <subfield code="4">prf</subfield>
  </datafield>
  <datafield tag="245" ind1="1" ind2="0">
    <subfield code="a">Cello concertos and sinfonias</subfield>
    <subfield code="h">[sound recording] /</subfield>
    <subfield code="c">Christian Ernst Graf, Carl Friedrich Abel.</subfield>
  </datafield>
  <datafield tag="260" ind1=" " ind2=" ">
    <subfield code="a">[Germany] :</subfield>
    <subfield code="b">Ars Produktion,</subfield>
    <subfield code="c">p2010.</subfield>
  </datafield>
  <datafield tag="300" ind1=" " ind2=" ">
    <subfield code="a">1 sound disc (74 min., 38 sec.) :</subfield>
    <subfield code="b">digital, SACD ;</subfield>
    <subfield code="c">4 3/4 in.</subfield>
  </datafield>
  <datafield tag="306" ind1=" " ind2=" ">
    <subfield code="a">001925</subfield>
    <subfield code="a">001025</subfield>
    <subfield code="a">001942</subfield>
    <subfield code="a">000857</subfield>
    <subfield code="a">001551</subfield>
  </datafield>
  <datafield tag="500" ind1=" " ind2=" ">
    <subfield code="a">Title from container.</subfield>
  </datafield>
  <datafield tag="511" ind1="0" ind2=" ">
    <subfield code="a">Klaus-Dieter Brandt, cello ; L&apos;arpa Festante.</subfield>
  </datafield>
  <datafield tag="518" ind1=" " ind2=" ">
    <subfield code="a">Recorded May 2009, Schloss Fasenerie, Eichenzell.</subfield>
  </datafield>
  <datafield tag="500" ind1=" " ind2=" ">
    <subfield code="a">&quot;On period instruments&quot;--Container.</subfield>
  </datafield>
  <datafield tag="500" ind1=" " ind2=" ">
    <subfield code="a">Hybrid super audio compact disc.</subfield>
  </datafield>
  <datafield tag="538" ind1=" " ind2=" ">
    <subfield code="a">&quot;This stereo/multichannel hybrid SACD plays on SACD, CD &amp; DVD player[s]&quot;--Container.</subfield>
  </datafield>
  <datafield tag="500" ind1=" " ind2=" ">
    <subfield code="a">Program and biographical notes, and notes on the instruments, in German with English translations (23 p. : col. ill.) inserted in container.</subfield>
  </datafield>
  <datafield tag="505" ind1="0" ind2=" ">
    <subfield code="a">Cellokonzert C-Dur / Carl Friedrich Abel (19:25) -- Sinfonia I (10:25) ; Cellokonzert D-Dur Nr. 2 (19:42) ; Sinfonia III (8:57) ; Cellokonzert D-Dur Nr. 1 (15:51) / Christian Ernst Graf.</subfield>
  </datafield>
  <datafield tag="650" ind1=" " ind2="0">
    <subfield code="a">Concertos (Cello with string orchestra)</subfield>
  </datafield>
  <datafield tag="650" ind1=" " ind2="0">
    <subfield code="a">Symphonies (String orchestra)</subfield>
  </datafield>
  <datafield tag="700" ind1="1" ind2=" ">
    <subfield code="a">Brandt, Klaus-Dieter.</subfield>
    <subfield code="4">itr</subfield>
  </datafield>
  <datafield tag="700" ind1="1" ind2="2">
    <subfield code="a">Abel, Karl Friedrich,</subfield>
    <subfield code="d">1723-1787.</subfield>
    <subfield code="t">Concertos,</subfield>
    <subfield code="m">cello, orchestra,</subfield>
    <subfield code="r">C major.</subfield>
  </datafield>
  <datafield tag="700" ind1="1" ind2="2">
    <subfield code="a">Graaf, Christiaan Ernst,</subfield>
    <subfield code="d">1723-1804.</subfield>
    <subfield code="t">Symphonies.</subfield>
    <subfield code="k">Selections.</subfield>
  </datafield>
  <datafield tag="700" ind1="1" ind2="2">
    <subfield code="a">Graaf, Christiaan Ernst,</subfield>
    <subfield code="d">1723-1804.</subfield>
    <subfield code="t">Concertos,</subfield>
    <subfield code="m">cello, string orchestra,</subfield>
    <subfield code="n">no. 1,</subfield>
    <subfield code="r">D major.</subfield>
  </datafield>
  <datafield tag="700" ind1="1" ind2="2">
    <subfield code="a">Graaf, Christiaan Ernst,</subfield>
    <subfield code="d">1723-1804.</subfield>
    <subfield code="t">Concertos,</subfield>
    <subfield code="m">cello, string orchestra,</subfield>
    <subfield code="n">no. 2,</subfield>
    <subfield code="r">D major.</subfield>
  </datafield>
  <datafield tag="710" ind1="2" ind2=" ">
    <subfield code="a">Arpa festante (Musical group)</subfield>
    <subfield code="4">prf</subfield>
  </datafield>
</record>