
<record>
  <leader>02821cpcaa22004937i 4500</leader>
  <controlfield tag="001">17759922</controlfield>
  <controlfield tag="005">20200102142125.0</controlfield>
  <controlfield tag="008">130531i19701995xx                  mul  </controlfield>
  <datafield tag="906" ind1=" " ind2=" ">
    <subfield code="a">7</subfield>
    <subfield code="b">cbc</subfield>
    <subfield code="c">orignew</subfield>
    <subfield code="d">u</subfield>
    <subfield code="e">ncip</subfield>
    <subfield code="f">20</subfield>
    <subfield code="g">y-folklife</subfield>
  </datafield>
  <datafield tag="955" ind1=" " ind2=" ">
    <subfield code="a">mkru 2013-05-31</subfield>
    <subfield code="a">mseg 2014-11-17</subfield>
    <subfield code="a">mseg 2014-11-21</subfield>
    <subfield code="a">mseg 2014-12-05</subfield>
    <subfield code="a">mseg 2014-12-08</subfield>
    <subfield code="a">mseg 2015-04-21</subfield>
    <subfield code="a">mseg 2017-07-28</subfield>
    <subfield code="a">ahoo 2019-07-26</subfield>
    <subfield code="a">ahoo 2019-09-20</subfield>
    <subfield code="a">vmor 2019-12-31</subfield>
    <subfield code="a">vmor 2020-01-02</subfield>
  </datafield>
  <datafield tag="010" ind1=" " ind2=" ">
    <subfield code="a">  2013655324</subfield>
  </datafield>
  <datafield tag="040" ind1=" " ind2=" ">
    <subfield code="a">DLC</subfield>
    <subfield code="b">eng</subfield>
    <subfield code="c">DLC</subfield>
    <subfield code="e">dacs</subfield>
  </datafield>
  <datafield tag="043" ind1=" " ind2=" ">
    <subfield code="a">aw-----</subfield>
    <subfield code="a">a-pk---</subfield>
  </datafield>
  <datafield tag="090" ind1=" " ind2=" ">
    <subfield code="a">RAA 59186 (10 in.); RXH 8979-9139, RXH 9692-9810 RXJ 0500; RYK 8610-8628, RYO 9504-9528</subfield>
  </datafield>
  <datafield tag="090" ind1=" " ind2=" ">
    <subfield code="a">VAR 3041-3080 (VHS); VAR 3081-3096 (Video 8); VBV 5788-5790, VBW 5283-5286 (U-matic)</subfield>
  </datafield>
  <datafield tag="090" ind1=" " ind2=" ">
    <subfield code="a">AFC 2011/013</subfield>
  </datafield>
  <datafield tag="245" ind1="0" ind2="0">
    <subfield code="a">Józef Pacholczyk collection,</subfield>
    <subfield code="f">circa 1970-1995.</subfield>
  </datafield>
  <datafield tag="300" ind1=" " ind2=" ">
    <subfield code="3">manuscripts</subfield>
    <subfield code="a">7522 items.</subfield>
  </datafield>
  <datafield tag="300" ind1=" " ind2=" ">
    <subfield code="3">sound recordings</subfield>
    <subfield code="a">28 sound tape reels :</subfield>
    <subfield code="b">analog ;</subfield>
    <subfield code="c">12 in.</subfield>
  </datafield>
  <datafield tag="300" ind1=" " ind2=" ">
    <subfield code="3">sound recordings</subfield>
    <subfield code="a">200 sound tape reels :</subfield>
    <subfield code="b">analog ;</subfield>
    <subfield code="c">7 in.</subfield>
  </datafield>
  <datafield tag="300" ind1=" " ind2=" ">
    <subfield code="3">sound recordings</subfield>
    <subfield code="a">96 sound tape reels :</subfield>
    <subfield code="b">analog ;</subfield>
    <subfield code="c">5 in.</subfield>
  </datafield>
  <datafield tag="300" ind1=" " ind2=" ">
    <subfield code="3">sound recordings</subfield>
    <subfield code="a">44 sound cassettes :</subfield>
    <subfield code="b">analog.</subfield>
  </datafield>
  <datafield tag="300" ind1=" " ind2=" ">
    <subfield code="3">moving images</subfield>
    <subfield code="a">63 video cassettes :</subfield>
    <subfield code="b">sound, color.</subfield>
  </datafield>
  <datafield tag="300" ind1=" " ind2=" ">
    <subfield code="3">moving images</subfield>
    <subfield code="a">4 film reels.</subfield>
  </datafield>
  <datafield tag="300" ind1=" " ind2=" ">
    <subfield code="3">graphic images</subfield>
    <subfield code="a">58 photographic prints :</subfield>
    <subfield code="b">black and white, color</subfield>
    <subfield code="c">various sizes</subfield>
  </datafield>
  <datafield tag="300" ind1=" " ind2=" ">
    <subfield code="3">graphic images</subfield>
    <subfield code="a">58 negatives :</subfield>
    <subfield code="b">color ;</subfield>
    <subfield code="c">2 x2 in.</subfield>
  </datafield>
  <datafield tag="300" ind1=" " ind2=" ">
    <subfield code="3">graphic images</subfield>
    <subfield code="a">3798 slides :</subfield>
    <subfield code="b">color ;</subfield>
    <subfield code="c">35 mm.</subfield>
  </datafield>
  <datafield tag="300" ind1=" " ind2=" ">
    <subfield code="3">graphic images</subfield>
    <subfield code="a">217 slides :</subfield>
    <subfield code="b">color ;</subfield>
    <subfield code="c">6 x 6 in.</subfield>
  </datafield>
  <datafield tag="300" ind1=" " ind2=" ">
    <subfield code="3">graphic images</subfield>
    <subfield code="a">1777 photostats.</subfield>
  </datafield>
  <datafield tag="300" ind1=" " ind2=" ">
    <subfield code="a">12 reels microfilm.</subfield>
  </datafield>
  <datafield tag="520" ind1=" " ind2=" ">
    <subfield code="a">Professional research papers and associated materials related to studies of the traditional music of Kashmir, Central Asia, and the Middle East.</subfield>
  </datafield>
  <datafield tag="524" ind1="8" ind2=" ">
    <subfield code="a">Józef Pacholczyk Collection (AFC 2011/013), Archive of Folk Culture, American Folklife Center, Library of Congress, Washington, D.C.</subfield>
  </datafield>
  <datafield tag="506" ind1="1" ind2=" ">
    <subfield code="a">Collection is open for research. In process, access may be restricted. To request materials, please contact the Folklife Reading Room at http://hdl.loc.gov/loc.afc/folklife.contact</subfield>
  </datafield>
  <datafield tag="540" ind1=" " ind2=" ">
    <subfield code="a">Duplication of collection materials may be governed by copyright and other restrictions.</subfield>
  </datafield>
  <datafield tag="541" ind1=" " ind2=" ">
    <subfield code="a">Jozef Pacholczyk;</subfield>
    <subfield code="c">Donation;</subfield>
    <subfield code="d">2011.</subfield>
  </datafield>
  <datafield tag="546" ind1=" " ind2=" ">
    <subfield code="a">Sung and spoken in multiple languages.</subfield>
  </datafield>
  <datafield tag="600" ind1="1" ind2="0">
    <subfield code="a">Pacholczyk, Józef M.</subfield>
    <subfield code="q">(Józef Marcin)</subfield>
    <subfield code="x">Ethnomusicological collections.</subfield>
  </datafield>
  <datafield tag="651" ind1=" " ind2="0">
    <subfield code="a">Middle East</subfield>
    <subfield code="v">Music.</subfield>
  </datafield>
  <datafield tag="651" ind1=" " ind2="0">
    <subfield code="a">Kashmir</subfield>
    <subfield code="v">Music.</subfield>
  </datafield>
  <datafield tag="655" ind1=" " ind2="7">
    <subfield code="a">Interviews.</subfield>
    <subfield code="2">aat</subfield>
  </datafield>
  <datafield tag="655" ind1=" " ind2="7">
    <subfield code="a">Oral histories.</subfield>
    <subfield code="2">lcgft</subfield>
  </datafield>
  <datafield tag="700" ind1="1" ind2=" ">
    <subfield code="a">Pacholczyk, Józef M.</subfield>
    <subfield code="q">(Józef Marcin),</subfield>
    <subfield code="e">collector.</subfield>
  </datafield>
  <datafield tag="852" ind1=" " ind2=" ">
    <subfield code="a">DLC-AFC</subfield>
    <subfield code="b">Archive of Folk Culture, American Folklife Center,</subfield>
    <subfield code="e">101 Independence Ave. S.E., Washington, DC USA 20540-4610</subfield>
    <subfield code="u">http://hdl.loc.gov/loc.afc/folklife.home</subfield>
  </datafield>
  <datafield tag="985" ind1=" " ind2=" ">
    <subfield code="a">afc/coll</subfield>
  </datafield>
</record>