
<record>
  <leader>02332cam a2200457 a 4500</leader>
  <controlfield tag="001">17923149</controlfield>
  <controlfield tag="005">20200102115227.0</controlfield>
  <controlfield tag="008">800611s1487    gw a          000 0 lat d</controlfield>
  <datafield tag="906" ind1=" " ind2=" ">
    <subfield code="a">7</subfield>
    <subfield code="b">cbc</subfield>
    <subfield code="c">copycat</subfield>
    <subfield code="d">2</subfield>
    <subfield code="e">ncip</subfield>
    <subfield code="f">20</subfield>
    <subfield code="g">y-genrareb</subfield>
  </datafield>
  <datafield tag="955" ind1=" " ind2=" ">
    <subfield code="b">he04 2013-10-30</subfield>
    <subfield code="i">he04 2013-10-30</subfield>
    <subfield code="a">Returned to RBSCD he04 2013-11-01</subfield>
  </datafield>
  <datafield tag="010" ind1=" " ind2=" ">
    <subfield code="a">  2013656231</subfield>
  </datafield>
  <datafield tag="035" ind1=" " ind2=" ">
    <subfield code="a">(OCoLC)ocn704449246</subfield>
  </datafield>
  <datafield tag="035" ind1=" " ind2=" ">
    <subfield code="a">(OCoLC)704449246</subfield>
  </datafield>
  <datafield tag="040" ind1=" " ind2=" ">
    <subfield code="a">UkCU</subfield>
    <subfield code="e">dcrmb</subfield>
    <subfield code="c">CUD</subfield>
    <subfield code="d">DLC</subfield>
  </datafield>
  <datafield tag="042" ind1=" " ind2=" ">
    <subfield code="a">lccopycat</subfield>
  </datafield>
  <datafield tag="050" ind1="0" ind2="0">
    <subfield code="a">BT430</subfield>
    <subfield code="b">.K45 1487</subfield>
  </datafield>
  <datafield tag="100" ind1="1" ind2=" ">
    <subfield code="a">Keyerslach, Petrus,</subfield>
    <subfield code="d">-1483.</subfield>
  </datafield>
  <datafield tag="245" ind1="1" ind2="0">
    <subfield code="a">Passio christi ex quattuor eua[n]gelistis /</subfield>
    <subfield code="c">p[er] deuotu[m] vi[rum] Pet[rum] kyerslach ordinis p[re]dicatoru[m] collecta ; Cu[m] tractatulo de pla[n]ctu Marie.</subfield>
  </datafield>
  <datafield tag="246" ind1="3" ind2=" ">
    <subfield code="a">Passio Christi ex quattuor evangelistis</subfield>
  </datafield>
  <datafield tag="260" ind1=" " ind2=" ">
    <subfield code="a">[Cologne, Germany :</subfield>
    <subfield code="b">Ulrich Zell],</subfield>
    <subfield code="c">Anno d[omi]ni Mcccclxxxvij [1487]</subfield>
  </datafield>
  <datafield tag="300" ind1=" " ind2=" ">
    <subfield code="a">[48] leaves :</subfield>
    <subfield code="b">1 ill. (woodcut) ;</subfield>
    <subfield code="c">22 (4to)</subfield>
  </datafield>
  <datafield tag="500" ind1=" " ind2=" ">
    <subfield code="a">Place and publisher from Illustrated ISTC (CD-ROM, 2nd ed.); imprint date from colophon, leaf f5.</subfield>
  </datafield>
  <datafield tag="500" ind1=" " ind2=" ">
    <subfield code="a">Signatures: a-f⁸.</subfield>
  </datafield>
  <datafield tag="510" ind1="4" ind2=" ">
    <subfield code="a">Goff</subfield>
    <subfield code="c">K-21</subfield>
  </datafield>
  <datafield tag="510" ind1="4" ind2=" ">
    <subfield code="a">Hain-Copinger</subfield>
    <subfield code="c">9780*</subfield>
  </datafield>
  <datafield tag="510" ind1="4" ind2=" ">
    <subfield code="a">GW</subfield>
    <subfield code="c">M16283</subfield>
  </datafield>
  <datafield tag="510" ind1="4" ind2=" ">
    <subfield code="a">BM 15th cent.,</subfield>
    <subfield code="c">I, p. 197 (IA. 3042)</subfield>
  </datafield>
  <datafield tag="510" ind1="4" ind2=" ">
    <subfield code="a">Illustrated ISTC (CD-ROM, 2nd ed.)</subfield>
    <subfield code="c">ik00021000</subfield>
  </datafield>
  <datafield tag="500" ind1=" " ind2=" ">
    <subfield code="a">Capital spaces, many with guide letters.</subfield>
  </datafield>
  <datafield tag="500" ind1=" " ind2=" ">
    <subfield code="a">Woodcut illustrations of crucifixion on title page and of Christ on the cross on leaf d7.</subfield>
  </datafield>
  <datafield tag="500" ind1=" " ind2=" ">
    <subfield code="a">&quot;Tractatus breuis cuiusda[m] de pla[n]ctu Marie&quot;: leaves f4 verso-f8 verso. This work was formerly attributed to Bernard of Clarivaux; now attributed to Ogier of Locedio.</subfield>
  </datafield>
  <datafield tag="500" ind1=" " ind2=" ">
    <subfield code="a">LC copy has initials, capital strokes, underlining, and paragraph marks in red. Bookseller description mounted on p. [3] of cover.</subfield>
    <subfield code="5">DLC</subfield>
  </datafield>
  <datafield tag="600" ind1="0" ind2="0">
    <subfield code="a">Jesus Christ</subfield>
    <subfield code="x">Passion</subfield>
    <subfield code="v">Early works to 1800.</subfield>
  </datafield>
  <datafield tag="650" ind1=" " ind2="0">
    <subfield code="a">Devotional literature, Latin (Medieval and modern)</subfield>
    <subfield code="v">Early works to 1800.</subfield>
  </datafield>
  <datafield tag="655" ind1=" " ind2="7">
    <subfield code="a">Incunabula</subfield>
    <subfield code="z">Germany</subfield>
    <subfield code="z">Cologne</subfield>
    <subfield code="y">1487.</subfield>
    <subfield code="2">rbgenr</subfield>
  </datafield>
  <datafield tag="700" ind1="1" ind2=" ">
    <subfield code="a">Zell, Ulrich,</subfield>
    <subfield code="d">-1503,</subfield>
    <subfield code="e">printer.</subfield>
  </datafield>
  <datafield tag="700" ind1="0" ind2=" ">
    <subfield code="a">Bernard,</subfield>
    <subfield code="c">of Clairvaux, Saint,</subfield>
    <subfield code="d">1090 or 1091-1153.</subfield>
  </datafield>
  <datafield tag="700" ind1="0" ind2="2">
    <subfield code="a">Ogier,</subfield>
    <subfield code="c">of Locedio, Abbot of Locedio,</subfield>
    <subfield code="d">-1214.</subfield>
    <subfield code="t">De planctu Beatae Mariae Virginis.</subfield>
  </datafield>
  <datafield tag="710" ind1="2" ind2=" ">
    <subfield code="a">Otto Vollbehr Collection (Library of Congress)</subfield>
    <subfield code="5">DLC</subfield>
  </datafield>
  <datafield tag="740" ind1="0" ind2="2">
    <subfield code="a">Tractatus brevis cuiusdam de planctu Mariae.</subfield>
  </datafield>
  <datafield tag="752" ind1=" " ind2=" ">
    <subfield code="a">Germany</subfield>
    <subfield code="d">Cologne.</subfield>
  </datafield>
</record>