
<record>
  <leader>01309cam a2200301 i 4500</leader>
  <controlfield tag="001">17949467</controlfield>
  <controlfield tag="005">20200102105205.0</controlfield>
  <controlfield tag="008">131121t20142014mtu           000 0 eng  </controlfield>
  <datafield tag="906" ind1=" " ind2=" ">
    <subfield code="a">7</subfield>
    <subfield code="b">cbc</subfield>
    <subfield code="c">orignew</subfield>
    <subfield code="d">2</subfield>
    <subfield code="e">epcn</subfield>
    <subfield code="f">20</subfield>
    <subfield code="g">y-gencatlg</subfield>
  </datafield>
  <datafield tag="925" ind1="0" ind2=" ">
    <subfield code="a">acquire</subfield>
    <subfield code="b">1 shelf copy</subfield>
    <subfield code="x">Sel/rjc, 2015-12-09</subfield>
  </datafield>
  <datafield tag="955" ind1=" " ind2=" ">
    <subfield code="a">pc17 2013-11-21</subfield>
    <subfield code="a">xn12 2016-04-14 1 copy rec&apos;d., to USASH</subfield>
    <subfield code="i">rm14 2019-11-08</subfield>
    <subfield code="e">rm14 2020-01-02 (to Dewey)</subfield>
  </datafield>
  <datafield tag="010" ind1=" " ind2=" ">
    <subfield code="a">  2013956017</subfield>
  </datafield>
  <datafield tag="020" ind1=" " ind2=" ">
    <subfield code="a">9781936406272</subfield>
    <subfield code="q">(hard cover ;</subfield>
    <subfield code="q">alk. paper)</subfield>
  </datafield>
  <datafield tag="020" ind1=" " ind2=" ">
    <subfield code="a">9781936406289</subfield>
    <subfield code="q">(soft cover ;</subfield>
    <subfield code="q">alk. paper)</subfield>
  </datafield>
  <datafield tag="020" ind1=" " ind2=" ">
    <subfield code="z">9781936406296</subfield>
    <subfield code="q">(e-bk.)</subfield>
  </datafield>
  <datafield tag="040" ind1=" " ind2=" ">
    <subfield code="a">DLC</subfield>
    <subfield code="b">eng</subfield>
    <subfield code="e">rda</subfield>
    <subfield code="c">DLC</subfield>
  </datafield>
  <datafield tag="042" ind1=" " ind2=" ">
    <subfield code="a">pcc</subfield>
  </datafield>
  <datafield tag="050" ind1="0" ind2="0">
    <subfield code="a">HV41.2</subfield>
    <subfield code="b">.L48 2014</subfield>
  </datafield>
  <datafield tag="100" ind1="1" ind2=" ">
    <subfield code="a">Levey, Gerald S.,</subfield>
    <subfield code="e">author.</subfield>
  </datafield>
  <datafield tag="245" ind1="1" ind2="2">
    <subfield code="a">A gift for the asking :</subfield>
    <subfield code="b">eight principles of successful fundraising /</subfield>
    <subfield code="c">Gerald S. Levey, MD, Dean Emeritus, David Geffen School of Medicine at UCLA, The Lincy Foundation Distinguished Service Chair, Distinguished Professor of Medicine, Former Vice Chancellor of Medical Sciences, with Dan Gordon.</subfield>
  </datafield>
  <datafield tag="264" ind1=" " ind2="1">
    <subfield code="a">Bozeman, MT :</subfield>
    <subfield code="b">Second River Healthcare,</subfield>
    <subfield code="c">2014.</subfield>
  </datafield>
  <datafield tag="264" ind1=" " ind2="4">
    <subfield code="c">©2014</subfield>
  </datafield>
  <datafield tag="300" ind1=" " ind2=" ">
    <subfield code="a">xiv, 189 pages ;</subfield>
    <subfield code="c">23 cm</subfield>
  </datafield>
  <datafield tag="336" ind1=" " ind2=" ">
    <subfield code="a">text</subfield>
    <subfield code="b">txt</subfield>
    <subfield code="2">rdacontent</subfield>
  </datafield>
  <datafield tag="337" ind1=" " ind2=" ">
    <subfield code="a">unmediated</subfield>
    <subfield code="b">n</subfield>
    <subfield code="2">rdamedia</subfield>
  </datafield>
  <datafield tag="338" ind1=" " ind2=" ">
    <subfield code="a">volume</subfield>
    <subfield code="b">nc</subfield>
    <subfield code="2">rdacarrier</subfield>
  </datafield>
  <datafield tag="650" ind1=" " ind2="0">
    <subfield code="a">Fund raising.</subfield>
  </datafield>
  <datafield tag="700" ind1="1" ind2=" ">
    <subfield code="a">Gordon, Dan,</subfield>
    <subfield code="d">1962-</subfield>
    <subfield code="e">author.</subfield>
  </datafield>
</record>