
<record>
  <leader>02221cam a2200325 i 4500</leader>
  <controlfield tag="001">17965671</controlfield>
  <controlfield tag="005">20200102084236.0</controlfield>
  <controlfield tag="008">131206s2014    xxk      b    001 0 eng  </controlfield>
  <datafield tag="906" ind1=" " ind2=" ">
    <subfield code="a">0</subfield>
    <subfield code="b">ibc</subfield>
    <subfield code="c">orignew</subfield>
    <subfield code="d">3</subfield>
    <subfield code="e">epcn</subfield>
    <subfield code="f">20</subfield>
    <subfield code="g">y-gencatlg</subfield>
  </datafield>
  <datafield tag="925" ind1="0" ind2=" ">
    <subfield code="a">acquire</subfield>
    <subfield code="b">1 shelf copy</subfield>
    <subfield code="x">Sel/rjc, 2014-04-22</subfield>
  </datafield>
  <datafield tag="955" ind1=" " ind2=" ">
    <subfield code="a">pc20 2013-12-06</subfield>
    <subfield code="c">rf05 2014-09-18 telework to subj;</subfield>
    <subfield code="a">rf19  2015-02-04 Copy 2 to Discard 00412790285</subfield>
    <subfield code="d">rf27 2019-2020-01-02 to SL</subfield>
  </datafield>
  <datafield tag="010" ind1=" " ind2=" ">
    <subfield code="a">  2013957091</subfield>
  </datafield>
  <datafield tag="020" ind1=" " ind2=" ">
    <subfield code="a">9783034308311</subfield>
    <subfield code="q">(alk. paper)</subfield>
  </datafield>
  <datafield tag="040" ind1=" " ind2=" ">
    <subfield code="a">DLC</subfield>
    <subfield code="b">eng</subfield>
    <subfield code="e">rda</subfield>
    <subfield code="c">DLC</subfield>
  </datafield>
  <datafield tag="042" ind1=" " ind2=" ">
    <subfield code="a">pcc</subfield>
  </datafield>
  <datafield tag="050" ind1="0" ind2="0">
    <subfield code="a">DC611.S365</subfield>
  </datafield>
  <datafield tag="245" ind1="0" ind2="0">
    <subfield code="a">Political, religious and social conflict in the states of Savoy :</subfield>
    <subfield code="b">1400-1700 /</subfield>
    <subfield code="c">Sarah Alyn Stacey (ed.).</subfield>
  </datafield>
  <datafield tag="264" ind1=" " ind2="1">
    <subfield code="a">Oxford :</subfield>
    <subfield code="b">Peter Lang,</subfield>
    <subfield code="c">[2014]</subfield>
  </datafield>
  <datafield tag="300" ind1=" " ind2=" ">
    <subfield code="a">ix, 317 pages ;</subfield>
    <subfield code="c">22 cm.</subfield>
  </datafield>
  <datafield tag="336" ind1=" " ind2=" ">
    <subfield code="a">text</subfield>
    <subfield code="2">rdacontent</subfield>
  </datafield>
  <datafield tag="337" ind1=" " ind2=" ">
    <subfield code="a">unmediated</subfield>
    <subfield code="2">rdamedia</subfield>
  </datafield>
  <datafield tag="338" ind1=" " ind2=" ">
    <subfield code="a">volume</subfield>
    <subfield code="2">rdacarrier</subfield>
  </datafield>
  <datafield tag="490" ind1="0" ind2=" ">
    <subfield code="a">Medieval and early modern french studies ;</subfield>
    <subfield code="v">14</subfield>
  </datafield>
  <datafield tag="504" ind1=" " ind2=" ">
    <subfield code="a">Includes bibliographical references and index.</subfield>
  </datafield>
  <datafield tag="520" ind1=" " ind2=" ">
    <subfield code="a">&quot;Taking conflict as its collective theme, this book brings together the work of early modern specialists to offer a range of insights into the political, social and religious climate in Savoy between 1400 and 1700. The contributors focus on the broader context of early modern European history, making clear the sometimes overlooked political and historical significance of Savoy. The volume explores the diverse mechanisms whereby political, social and religious conflicts were articulated with reference to a wide range of primary sources, many of which are unpublished. The chapters offer important perspectives on subjects such as: the diplomatic relations between the court of Savoy and certain foreign powers during a time of Eurpean unrest&apos; the role of progaganda; the construction of national and religious identities; and persecution and resistance, notably in relation to the Reformation and the Waldensians&quot;--Back cover.</subfield>
  </datafield>
  <datafield tag="546" ind1=" " ind2=" ">
    <subfield code="a">In English; some chapters in French.</subfield>
  </datafield>
  <datafield tag="650" ind1=" " ind2="0">
    <subfield code="a">Political culture</subfield>
    <subfield code="z">Savoy (France and Italy)</subfield>
    <subfield code="y">Reformation.</subfield>
  </datafield>
  <datafield tag="650" ind1=" " ind2="0">
    <subfield code="a">Propaganda</subfield>
    <subfield code="z">Savoy (France and Italy)</subfield>
    <subfield code="y">Reformation.</subfield>
  </datafield>
  <datafield tag="650" ind1=" " ind2="0">
    <subfield code="a">Reformation</subfield>
    <subfield code="z">Savoy (France and Italy).</subfield>
  </datafield>
  <datafield tag="700" ind1="1" ind2=" ">
    <subfield code="a">Stacey, Sarah Alyn,</subfield>
    <subfield code="d">1962-</subfield>
  </datafield>
</record>