
<record>
  <leader>03339cam a2200517 i 4500</leader>
  <controlfield tag="001">18023282</controlfield>
  <controlfield tag="005">20200102153704.0</controlfield>
  <controlfield tag="008">140129s2013    is       b    000 0 heb d</controlfield>
  <datafield tag="906" ind1=" " ind2=" ">
    <subfield code="a">7</subfield>
    <subfield code="b">cbc</subfield>
    <subfield code="c">copycat</subfield>
    <subfield code="d">3</subfield>
    <subfield code="e">ncip</subfield>
    <subfield code="f">20</subfield>
    <subfield code="g">y-nonroman</subfield>
  </datafield>
  <datafield tag="925" ind1="0" ind2=" ">
    <subfield code="a">acquire</subfield>
    <subfield code="b">1 shelf copy</subfield>
    <subfield code="x">policy default</subfield>
  </datafield>
  <datafield tag="955" ind1=" " ind2=" ">
    <subfield code="b">cd01 2014-01-29 z-processor JACKPHY to cd00;</subfield>
    <subfield code="a">cd23 2018-11-07 to cd23 for full cat.;</subfield>
    <subfield code="i">cd23 2018-12-20 telework to Hebraic shelves;</subfield>
    <subfield code="a">cd23 2020-01-02 telework Bibframe ymey</subfield>
  </datafield>
  <datafield tag="010" ind1=" " ind2=" ">
    <subfield code="a">  2013458907</subfield>
  </datafield>
  <datafield tag="035" ind1=" " ind2=" ">
    <subfield code="a">(OCoLC)ocn841282236</subfield>
  </datafield>
  <datafield tag="040" ind1=" " ind2=" ">
    <subfield code="a">YYP</subfield>
    <subfield code="b">eng</subfield>
    <subfield code="e">rda</subfield>
    <subfield code="c">YYP</subfield>
    <subfield code="d">DLC</subfield>
  </datafield>
  <datafield tag="042" ind1=" " ind2=" ">
    <subfield code="a">lccopycat</subfield>
  </datafield>
  <datafield tag="050" ind1="0" ind2="0">
    <subfield code="a">BM695.P35</subfield>
    <subfield code="b">Z49 2013</subfield>
  </datafield>
  <datafield tag="066" ind1=" " ind2=" ">
    <subfield code="c">(2</subfield>
  </datafield>
  <datafield tag="100" ind1="1" ind2=" ">
    <subfield code="6">880-01</subfield>
    <subfield code="a">Zilbershṭain, Yitsḥaḳ ben Daṿid Yosef,</subfield>
    <subfield code="e">author.</subfield>
  </datafield>
  <datafield tag="880" ind1="1" ind2=" ">
    <subfield code="6">100-01/(2/r‏</subfield>
    <subfield code="a">‏זילברשטיין, יצחק בן דוד יוסף.</subfield>
  </datafield>
  <datafield tag="240" ind1="1" ind2="0">
    <subfield code="a">Ḥashuke ḥemed (Mitsṿot ha-Pesaḥ, Seder Hagadah shel Pesaḥ)</subfield>
  </datafield>
  <datafield tag="245" ind1="1" ind2="0">
    <subfield code="6">880-02</subfield>
    <subfield code="a">Sefer Ḥashuke ḥemed :</subfield>
    <subfield code="b">be-ʻinyene mitsṿot ha-Pesaḥ ṿe-ʻal Seder Hagadah shel Pesaḥ : penine halakhah /</subfield>
    <subfield code="c">she-dalinu mi-tokh sefaraṿ ṿe-shiʻuraṿ shel ha-rav Rabi Yitsḥaḳ Zilbershṭain, sheliṭa, uva-hem nidonim hilkhatiyim be-ʻinyanim maʻaśiyim, ṿe-khen sheʼelot ḥidud ... ṿe-nikhlelu bo pesaḳim ṿe-hanhagot me-ḥotno r. sh. k.b. ha-g. maran Rabi Yosef Shalom Elyashiv, z. ts. ṿe-ḳ. l.l.h.h. ; nilḳat ṿe-sudar ʻa. y. Yaʻaḳov Yiśraʼel b. la-a. m. ṿe-r. Rabi Avigdor Neḥemyah, zatsal, Pozen.</subfield>
  </datafield>
  <datafield tag="880" ind1="1" ind2="0">
    <subfield code="6">245-02/(2/r‏</subfield>
    <subfield code="a">‏ספר חשוקי חמד :‏</subfield>
    <subfield code="b">‏בענייני מצוות הפסח ועל סדר הגדה של פסח : פניני הלכה /‏</subfield>
    <subfield code="c">‏שדלינו מתוך ספריו ושיעוריו של הרב רבי יצחק זילברשטיין, שליט&quot;א, ובהם נידונים הלכתיים בענינים מעשיים, וכן שאלות חידוד ... ונכללו בו פסקים והנהגות מחותנו רשכבה&quot;ג  מרן רבי יוסף שלום אלישיב, זצוקללה&quot;ה ; נלקט וסודר ע&quot;י יעקב ישראל בלאמו&quot;ר רבי אביגדור נחמיה, זצ&quot;ל, פוזן.</subfield>
  </datafield>
  <datafield tag="246" ind1="1" ind2="7">
    <subfield code="6">880-03</subfield>
    <subfield code="a">Ḥashuke ḥemed</subfield>
  </datafield>
  <datafield tag="880" ind1="1" ind2="7">
    <subfield code="6">246-03/(2/r‏</subfield>
    <subfield code="a">‏חשוקי חמד</subfield>
  </datafield>
  <datafield tag="246" ind1="1" ind2="4">
    <subfield code="6">880-04</subfield>
    <subfield code="a">Penine halakhah Ḥashuke ḥemed</subfield>
  </datafield>
  <datafield tag="880" ind1="1" ind2="4">
    <subfield code="6">246-04/(2/r‏</subfield>
    <subfield code="a">‏פניני הלכה חשוקי חמד</subfield>
  </datafield>
  <datafield tag="246" ind1="1" ind2="8">
    <subfield code="6">880-05</subfield>
    <subfield code="a">Otsar penine halakhah Ḥashuke ḥemed</subfield>
  </datafield>
  <datafield tag="880" ind1="1" ind2="8">
    <subfield code="6">246-05/(2/r‏</subfield>
    <subfield code="a">‏אוצר פניני הלכה חשוקי חמד</subfield>
  </datafield>
  <datafield tag="264" ind1=" " ind2="1">
    <subfield code="6">880-06</subfield>
    <subfield code="a">[Israel] :</subfield>
    <subfield code="b">Yefeh Nof,</subfield>
    <subfield code="c">[2013]</subfield>
  </datafield>
  <datafield tag="880" ind1=" " ind2="1">
    <subfield code="6">264-06/(2/r‏</subfield>
    <subfield code="a">‏‪[Israel] :‬‏</subfield>
    <subfield code="b">‏יפה נוף,‏</subfield>
    <subfield code="c">‏‪[2013]</subfield>
  </datafield>
  <datafield tag="300" ind1=" " ind2=" ">
    <subfield code="a">755 pages ;</subfield>
    <subfield code="c">25 cm</subfield>
  </datafield>
  <datafield tag="336" ind1=" " ind2=" ">
    <subfield code="a">text</subfield>
    <subfield code="b">txt</subfield>
    <subfield code="2">rdacontent</subfield>
  </datafield>
  <datafield tag="337" ind1=" " ind2=" ">
    <subfield code="a">unmediated</subfield>
    <subfield code="b">n</subfield>
    <subfield code="2">rdamedia</subfield>
  </datafield>
  <datafield tag="338" ind1=" " ind2=" ">
    <subfield code="a">volume</subfield>
    <subfield code="b">nc</subfield>
    <subfield code="2">rdacarrier</subfield>
  </datafield>
  <datafield tag="500" ind1=" " ind2=" ">
    <subfield code="a">Title vocalized.</subfield>
  </datafield>
  <datafield tag="504" ind1=" " ind2=" ">
    <subfield code="a">Includes bibliographical references.</subfield>
  </datafield>
  <datafield tag="650" ind1=" " ind2="0">
    <subfield code="a">Passover</subfield>
    <subfield code="x">Customs and practices.</subfield>
  </datafield>
  <datafield tag="650" ind1=" " ind2="0">
    <subfield code="a">Seder.</subfield>
  </datafield>
  <datafield tag="650" ind1=" " ind2="0">
    <subfield code="a">Jewish law.</subfield>
  </datafield>
  <datafield tag="650" ind1=" " ind2="0">
    <subfield code="a">Responsa</subfield>
    <subfield code="y">1948-</subfield>
  </datafield>
  <datafield tag="650" ind1=" " ind2="0">
    <subfield code="a">Rabbis</subfield>
    <subfield code="v">Anecdotes.</subfield>
  </datafield>
  <datafield tag="700" ind1="1" ind2=" ">
    <subfield code="6">880-07</subfield>
    <subfield code="a">Elyashiv, Yosef Shalom,</subfield>
    <subfield code="d">1910-2012.</subfield>
  </datafield>
  <datafield tag="880" ind1="1" ind2=" ">
    <subfield code="6">700-07/(2/r‏</subfield>
    <subfield code="a">‏אלישיב, יוסף שלום.</subfield>
  </datafield>
  <datafield tag="700" ind1="1" ind2=" ">
    <subfield code="6">880-08</subfield>
    <subfield code="a">Pozen, Yaʻaḳov Yiśraʼel,</subfield>
    <subfield code="e">compiler,</subfield>
    <subfield code="e">editor.</subfield>
  </datafield>
  <datafield tag="880" ind1="1" ind2=" ">
    <subfield code="6">700-08/(2/r‏</subfield>
    <subfield code="a">‏פוזן, יעקב ישראל בן אביגדור נחמיה.</subfield>
  </datafield>
  <datafield tag="985" ind1=" " ind2=" ">
    <subfield code="a">BibframePilot2</subfield>
    <subfield code="e">20180504</subfield>
  </datafield>
</record>