
<record>
  <leader>02065cam a2200373 i 4500</leader>
  <controlfield tag="001">18069443</controlfield>
  <controlfield tag="005">20200102114127.0</controlfield>
  <controlfield tag="008">140113s2013    un       b    000 0 ukro </controlfield>
  <datafield tag="906" ind1=" " ind2=" ">
    <subfield code="a">7</subfield>
    <subfield code="b">cbc</subfield>
    <subfield code="c">origres</subfield>
    <subfield code="d">3</subfield>
    <subfield code="e">ncip</subfield>
    <subfield code="f">20</subfield>
    <subfield code="g">y-nonroman</subfield>
  </datafield>
  <datafield tag="925" ind1="0" ind2=" ">
    <subfield code="a">acquire</subfield>
    <subfield code="b">1 shelf copy</subfield>
    <subfield code="x">policy default</subfield>
  </datafield>
  <datafield tag="955" ind1=" " ind2=" ">
    <subfield code="b">fc69 2014-05-23 telework to ECE</subfield>
    <subfield code="a">fc00 2014-06-02 to GS/ECE</subfield>
    <subfield code="i">fc04 2020-01-02 to BCCD</subfield>
  </datafield>
  <datafield tag="010" ind1=" " ind2=" ">
    <subfield code="a">  2014389650</subfield>
  </datafield>
  <datafield tag="020" ind1=" " ind2=" ">
    <subfield code="a">9789663035147</subfield>
  </datafield>
  <datafield tag="035" ind1=" " ind2=" ">
    <subfield code="a">(RuMoEVIS)ev5116262B</subfield>
  </datafield>
  <datafield tag="040" ind1=" " ind2=" ">
    <subfield code="a">DLC</subfield>
    <subfield code="b">eng</subfield>
    <subfield code="e">rda</subfield>
    <subfield code="c">DLC</subfield>
  </datafield>
  <datafield tag="043" ind1=" " ind2=" ">
    <subfield code="a">e-un---</subfield>
  </datafield>
  <datafield tag="050" ind1="0" ind2="0">
    <subfield code="a">LC3997.U38</subfield>
    <subfield code="b">S58 2013</subfield>
  </datafield>
  <datafield tag="066" ind1=" " ind2=" ">
    <subfield code="c">(N</subfield>
    <subfield code="c">(Q</subfield>
  </datafield>
  <datafield tag="100" ind1="1" ind2=" ">
    <subfield code="6">880-01</subfield>
    <subfield code="a">Shtefan, L. A.</subfield>
    <subfield code="q">(Li︠u︡dmyla Andriïvna)</subfield>
  </datafield>
  <datafield tag="880" ind1="1" ind2=" ">
    <subfield code="6">100-01/(N</subfield>
    <subfield code="a">Штефан, Л. А.</subfield>
    <subfield code="q">(Людмила Андріївна)</subfield>
  </datafield>
  <datafield tag="245" ind1="1" ind2="0">
    <subfield code="6">880-02</subfield>
    <subfield code="a">Orhanizat︠s︡ii︠a︡ sot︠s︡ialʹno-pedahohichnoï dii︠a︡lʹnosti z obdarovanymy ditʹmy v Ukraïni :</subfield>
    <subfield code="b">retrospektyvnyĭ analiz : monohrafii︠a︡ /</subfield>
    <subfield code="c">Shtefan L. A., Hryhorova L. S.</subfield>
  </datafield>
  <datafield tag="880" ind1="1" ind2="0">
    <subfield code="6">245-02/(N</subfield>
    <subfield code="a">Організація соціально-педагогічної діяльності з обдарованими дітьми в Україні :</subfield>
    <subfield code="b">ретроспективний аналіз : монографія /</subfield>
    <subfield code="c">Штефан Л. А., Григорова Л. С.</subfield>
  </datafield>
  <datafield tag="264" ind1=" " ind2="1">
    <subfield code="6">880-03</subfield>
    <subfield code="a">Kharkiv :</subfield>
    <subfield code="b">Kharkivsʹkyĭ nat︠s︡ionalʹnyĭ pedahohichnyĭ universytet imeni H.S. Skovorody,</subfield>
    <subfield code="c">2013.</subfield>
  </datafield>
  <datafield tag="880" ind1=" " ind2="1">
    <subfield code="6">264-03/(N</subfield>
    <subfield code="a">Харків :</subfield>
    <subfield code="b">Харківський національний педагогічний університет імені Г.С. Сковороди,</subfield>
    <subfield code="c">2013.</subfield>
  </datafield>
  <datafield tag="300" ind1=" " ind2=" ">
    <subfield code="a">243 pages ;</subfield>
    <subfield code="c">20 cm</subfield>
  </datafield>
  <datafield tag="336" ind1=" " ind2=" ">
    <subfield code="a">text</subfield>
    <subfield code="2">rdacontent</subfield>
  </datafield>
  <datafield tag="337" ind1=" " ind2=" ">
    <subfield code="a">unmediated</subfield>
    <subfield code="2">rdamedia</subfield>
  </datafield>
  <datafield tag="338" ind1=" " ind2=" ">
    <subfield code="a">volume</subfield>
    <subfield code="2">rdacarrier</subfield>
  </datafield>
  <datafield tag="504" ind1=" " ind2=" ">
    <subfield code="a">Includes bibliographical references (pages 188-238).</subfield>
  </datafield>
  <datafield tag="650" ind1=" " ind2="0">
    <subfield code="a">Gifted children</subfield>
    <subfield code="x">Education</subfield>
    <subfield code="z">Ukraine.</subfield>
  </datafield>
  <datafield tag="650" ind1=" " ind2="0">
    <subfield code="a">Gifted children</subfield>
    <subfield code="z">Ukraine.</subfield>
  </datafield>
  <datafield tag="700" ind1="1" ind2=" ">
    <subfield code="6">880-04</subfield>
    <subfield code="a">Hryhorova, L. S.</subfield>
    <subfield code="q">(Larysa Serhiïvna),</subfield>
    <subfield code="e">author.</subfield>
  </datafield>
  <datafield tag="880" ind1="1" ind2=" ">
    <subfield code="6">700-04/(N</subfield>
    <subfield code="a">Григорова, Л. С.</subfield>
    <subfield code="q">(Лариса Сергіївна),</subfield>
    <subfield code="e">author.</subfield>
  </datafield>
  <datafield tag="923" ind1=" " ind2=" ">
    <subfield code="d">20140303</subfield>
    <subfield code="n">30006575</subfield>
    <subfield code="s">RuMoEVIS</subfield>
  </datafield>
</record>