
<record>
  <leader>05004cas a2200685 i 4500</leader>
  <controlfield tag="001">18099812</controlfield>
  <controlfield tag="005">20200102075651.0</controlfield>
  <controlfield tag="006">m     o  d        </controlfield>
  <controlfield tag="007">cr |||||||||||</controlfield>
  <controlfield tag="008">140402c19919999njuar   o     1   a0eng  </controlfield>
  <datafield tag="010" ind1=" " ind2=" ">
    <subfield code="a">  2014200307</subfield>
  </datafield>
  <datafield tag="015" ind1=" " ind2=" ">
    <subfield code="a">GBB540540</subfield>
    <subfield code="2">bnb</subfield>
  </datafield>
  <datafield tag="016" ind1="7" ind2=" ">
    <subfield code="a">017021882</subfield>
    <subfield code="2">Uk</subfield>
  </datafield>
  <datafield tag="022" ind1="0" ind2=" ">
    <subfield code="a">2334-5837</subfield>
    <subfield code="2">1</subfield>
  </datafield>
  <datafield tag="035" ind1=" " ind2=" ">
    <subfield code="a">(OCoLC)ocn875416388</subfield>
  </datafield>
  <datafield tag="037" ind1=" " ind2=" ">
    <subfield code="b">John Wiley &amp; Sons, Inc., 111 River Street, Hoboken, NJ 07030</subfield>
  </datafield>
  <datafield tag="040" ind1=" " ind2=" ">
    <subfield code="a">DLC</subfield>
    <subfield code="b">eng</subfield>
    <subfield code="e">rda</subfield>
    <subfield code="e">pn</subfield>
    <subfield code="c">DLC</subfield>
    <subfield code="d">DLC</subfield>
    <subfield code="d">UV0</subfield>
    <subfield code="d">OCLCO</subfield>
    <subfield code="d">OCLCF</subfield>
    <subfield code="d">OCLCO</subfield>
    <subfield code="d">OCLCQ</subfield>
    <subfield code="d">DLC</subfield>
    <subfield code="d">NLE</subfield>
    <subfield code="d">UAB</subfield>
    <subfield code="d">OCLCQ</subfield>
    <subfield code="d">VT2</subfield>
    <subfield code="d">OCLCQ</subfield>
    <subfield code="d">AU@</subfield>
    <subfield code="d">UKMGB</subfield>
    <subfield code="d">WYU</subfield>
    <subfield code="d">SERSO</subfield>
    <subfield code="d">OCLCQ</subfield>
    <subfield code="d">DLC</subfield>
  </datafield>
  <datafield tag="042" ind1=" " ind2=" ">
    <subfield code="a">lccopycat</subfield>
    <subfield code="a">nsdp</subfield>
  </datafield>
  <datafield tag="050" ind1="0" ind2="0">
    <subfield code="a">TA168</subfield>
  </datafield>
  <datafield tag="082" ind1="0" ind2="4">
    <subfield code="a">620.0011</subfield>
    <subfield code="2">23</subfield>
  </datafield>
  <datafield tag="111" ind1="2" ind2=" ">
    <subfield code="a">INCOSE International Symposium.</subfield>
  </datafield>
  <datafield tag="222" ind1=" " ind2="0">
    <subfield code="a">INCOSE International Symposium</subfield>
    <subfield code="b">(Print)</subfield>
  </datafield>
  <datafield tag="245" ind1="1" ind2="0">
    <subfield code="a">INCOSE International Symposium.</subfield>
  </datafield>
  <datafield tag="246" ind1="1" ind2=" ">
    <subfield code="a">INCOSE International Symposium proceedings</subfield>
  </datafield>
  <datafield tag="264" ind1=" " ind2="1">
    <subfield code="a">Hoboken, NJ :</subfield>
    <subfield code="b">John Wiley &amp; Sons, Inc.,</subfield>
    <subfield code="c">1991-</subfield>
  </datafield>
  <datafield tag="300" ind1=" " ind2=" ">
    <subfield code="a">1 online resource</subfield>
  </datafield>
  <datafield tag="310" ind1=" " ind2=" ">
    <subfield code="a">Annual</subfield>
  </datafield>
  <datafield tag="336" ind1=" " ind2=" ">
    <subfield code="a">text</subfield>
    <subfield code="b">txt</subfield>
    <subfield code="2">rdacontent</subfield>
  </datafield>
  <datafield tag="337" ind1=" " ind2=" ">
    <subfield code="a">computer</subfield>
    <subfield code="b">c</subfield>
    <subfield code="2">rdamedia</subfield>
  </datafield>
  <datafield tag="338" ind1=" " ind2=" ">
    <subfield code="a">online resource</subfield>
    <subfield code="b">cr</subfield>
    <subfield code="2">rdacarrier</subfield>
  </datafield>
  <datafield tag="362" ind1="1" ind2=" ">
    <subfield code="a">Began with Volume 1, (1991).</subfield>
  </datafield>
  <datafield tag="588" ind1=" " ind2=" ">
    <subfield code="a">Description based on: Volume 1, 1991; title from journal homepage (viewed March 19, 2015).</subfield>
  </datafield>
  <datafield tag="588" ind1=" " ind2=" ">
    <subfield code="a">Latest issue consulted: Volume 27, 2017, website viewed June 19, 2018.</subfield>
  </datafield>
  <datafield tag="506" ind1=" " ind2=" ">
    <subfield code="a">License restrictions may limit access.</subfield>
  </datafield>
  <datafield tag="540" ind1=" " ind2=" ">
    <subfield code="a">Current Copyright Fee: GBP28.00</subfield>
    <subfield code="c">35\0.</subfield>
    <subfield code="5">Uk</subfield>
  </datafield>
  <datafield tag="650" ind1=" " ind2="0">
    <subfield code="a">Systems engineering</subfield>
    <subfield code="v">Periodicals.</subfield>
  </datafield>
  <datafield tag="650" ind1=" " ind2="7">
    <subfield code="a">Systems engineering.</subfield>
    <subfield code="2">fast</subfield>
    <subfield code="0">(OCoLC)fst01141455</subfield>
  </datafield>
  <datafield tag="655" ind1=" " ind2="0">
    <subfield code="a">Electronic journals.</subfield>
  </datafield>
  <datafield tag="655" ind1=" " ind2="7">
    <subfield code="a">Periodicals.</subfield>
    <subfield code="2">fast</subfield>
    <subfield code="0">(OCoLC)fst01411641</subfield>
  </datafield>
  <datafield tag="710" ind1="2" ind2=" ">
    <subfield code="a">International Council on Systems Engineering,</subfield>
    <subfield code="e">issuing body.</subfield>
  </datafield>
  <datafield tag="776" ind1="0" ind2="8">
    <subfield code="i">Print version: International Council on Systems Engineering. International Symposium.</subfield>
    <subfield code="t">Proceedings of the ... annual International Symposium of the Internationa Council on Systems Engineering</subfield>
    <subfield code="w">(OCoLC)222386578</subfield>
  </datafield>
  <datafield tag="776" ind1="0" ind2="8">
    <subfield code="i">CD-ROM version:</subfield>
    <subfield code="a">International Symposium of the International Council on Systems Engineering.</subfield>
    <subfield code="t">INCOSE ...</subfield>
    <subfield code="w">(OCoLC)49864030</subfield>
  </datafield>
  <datafield tag="850" ind1=" " ind2=" ">
    <subfield code="a">DLC</subfield>
  </datafield>
  <datafield tag="859" ind1="4" ind2="0">
    <subfield code="3">University of Alberta Access: 1997-</subfield>
    <subfield code="u">http://resolver.library.ualberta.ca/resolver?ctx_enc=info:ofi/enc:UTF-8&amp;ctx_ver=Z39.88-2004&amp;rfr_id=info:sid/ualberta.ca:opac&amp;rft.genre=journal&amp;rft.object_id=2670000000555822&amp;rft.issn=2334-5837&amp;rft.eissn=&amp;rft_val_fmt=info:ofi/fmt:kev:mtx:journal&amp;url_ctx_fmt=info:ofi/fmt:kev:mtx:ctx&amp;url_ver=Z39.88-2004</subfield>
  </datafield>
  <datafield tag="859" ind1="4" ind2="0">
    <subfield code="u">https://onlinelibrary.wiley.com/journal/23345837</subfield>
  </datafield>
  <datafield tag="859" ind1="4" ind2="0">
    <subfield code="u">https://onlinelibrary.wiley.com/loi/23345837/year/2017</subfield>
  </datafield>
  <datafield tag="859" ind1="4" ind2="0">
    <subfield code="u">https://onlinelibrary.wiley.com/loi/23345837</subfield>
    <subfield code="z">1997 to present</subfield>
  </datafield>
  <datafield tag="859" ind1="4" ind2="0">
    <subfield code="u">http://onlinelibrary.wiley.com/journal/10.1002/(ISSN)2334-5837/issues</subfield>
    <subfield code="z">Wiley Online Library: 01/01/1996 to Present</subfield>
  </datafield>
  <datafield tag="859" ind1="4" ind2="0">
    <subfield code="u">http://onlinelibrary.wiley.com/journal/10.1002/(ISSN)2334-5837</subfield>
  </datafield>
  <datafield tag="859" ind1="4" ind2="0">
    <subfield code="u">http://VH7QX3XE2P.search.serialssolutions.com/?V=1.0&amp;L=VH7QX3XE2P&amp;S=JCs&amp;C=TC0001476630&amp;T=marc</subfield>
    <subfield code="z">VIEW FULL TEXT</subfield>
  </datafield>
  <datafield tag="859" ind1="4" ind2="1">
    <subfield code="3">MacEwan University Access: v.7(1997)-</subfield>
    <subfield code="u">http://resolver.lrc.macewan.ca/macewan?url_ver=Z39.88-2004&amp;ctx_ver=Z39.88-2004&amp;ctx_enc=info:ofi/enc:UTF-8&amp;rfr_id=info:sid/sfxit.com:opac_856&amp;url_ctx_fmt=info:ofi/fmt:kev:mtx:ctx&amp;sfx.ignore_date_threshold=1&amp;rft.object_id=2670000000555822&amp;svc_val_fmt=info:ofi/fmt:kev:mtx:sch_svc&amp;</subfield>
  </datafield>
  <datafield tag="859" ind1="4" ind2="2">
    <subfield code="u">http://main-cat.nls.uk/vwebv/search?searchType=2&amp;argType1=all&amp;searchCode1=GKEY&amp;searchArg1=017021882&amp;combine2=and&amp;argType2=any&amp;searchCode2=GKEY&amp;searchArg2=ELDARTICLE+ELDARTICLEEJ3&amp;yearOption=range&amp;fromYear=&amp;toYear=2014</subfield>
    <subfield code="z">Search for articles in this journal (pre 2015)</subfield>
  </datafield>
  <datafield tag="859" ind1="4" ind2="2">
    <subfield code="u">http://main-cat.nls.uk/vwebv/search?searchType=2&amp;argType1=all&amp;searchCode1=GKEY&amp;searchArg1=017021882&amp;combine2=and&amp;argType2=any&amp;searchCode2=GKEY&amp;searchArg2=ELDARTICLE+ELDARTICLEEJ3&amp;yearOption=range&amp;fromYear=2015</subfield>
    <subfield code="z">Search for articles in this journal (from 2015)</subfield>
  </datafield>
  <datafield tag="859" ind1="4" ind2=" ">
    <subfield code="3">1850-9999</subfield>
    <subfield code="u">http://onlinelibrary.wiley.com/</subfield>
    <subfield code="x">BLDSS</subfield>
  </datafield>
  <datafield tag="859" ind1="4" ind2="0">
    <subfield code="3">University of Alberta Access: 1997-</subfield>
    <subfield code="u">http://resolver.library.ualberta.ca/resolver?ctx_enc=info%3Aofi%2Fenc%3AUTF-8&amp;ctx_ver=Z39.88-2004&amp;rfr_id=info%3Asid%2Fualberta.ca%3Aopac&amp;rft.genre=journal&amp;rft.object_id=2670000000555822&amp;rft.issn=2334-5837&amp;rft.eissn=&amp;rft_val_fmt=info%3Aofi%2Ffmt%3Akev%3Amtx%3Ajournal&amp;url_ctx_fmt=info%3Aofi%2Ffmt%3Akev%3Amtx%3Actx&amp;url_ver=Z39.88-2004</subfield>
  </datafield>
  <datafield tag="859" ind1="4" ind2="1">
    <subfield code="3">MacEwan University Access: v.7(1997)-</subfield>
    <subfield code="u">http://resolver.lrc.macewan.ca/macewan?url%5Fver=Z39.88-2004&amp;ctx%5Fver=Z39.88-2004&amp;ctx%5Fenc=info:ofi/enc:UTF-8&amp;rfr%5Fid=info:sid/sfxit.com:opac%5F856&amp;url%5Fctx%5Ffmt=info:ofi/fmt:kev:mtx:ctx&amp;sfx.ignore%5Fdate%5Fthreshold=1&amp;rft.object%5Fid=2670000000555822&amp;svc%5Fval%5Ffmt=info:ofi/fmt:kev:mtx:sch%5Fsvc&amp;</subfield>
  </datafield>
  <datafield tag="906" ind1=" " ind2=" ">
    <subfield code="a">7</subfield>
    <subfield code="b">cbc</subfield>
    <subfield code="c">sercoop</subfield>
    <subfield code="d">2</subfield>
    <subfield code="e">ncip</subfield>
    <subfield code="f">20</subfield>
    <subfield code="g">n-oclcserc</subfield>
  </datafield>
  <datafield tag="925" ind1="0" ind2=" ">
    <subfield code="a">acquire</subfield>
    <subfield code="e">edeposit</subfield>
    <subfield code="x">policy default</subfield>
  </datafield>
  <datafield tag="955" ind1=" " ind2=" ">
    <subfield code="b">xf02 2014-04-02</subfield>
    <subfield code="j">x f02 2014-04-02</subfield>
    <subfield code="a">xf00 2015-07-09 Follow up to Non Acquire Shelf</subfield>
    <subfield code="i">rh13 2018-06-19</subfield>
  </datafield>
  <datafield tag="985" ind1=" " ind2=" ">
    <subfield code="d">20160823</subfield>
    <subfield code="e">edeposit SR13767271754</subfield>
  </datafield>
</record>