
<record>
  <leader>02787cam a2200433 i 4500</leader>
  <controlfield tag="001">18152657</controlfield>
  <controlfield tag="005">20200102125141.0</controlfield>
  <controlfield tag="008">140515s2015    caua     b    000 0 eng d</controlfield>
  <datafield tag="906" ind1=" " ind2=" ">
    <subfield code="a">7</subfield>
    <subfield code="b">cbc</subfield>
    <subfield code="c">copycat</subfield>
    <subfield code="d">2</subfield>
    <subfield code="e">ncip</subfield>
    <subfield code="f">20</subfield>
    <subfield code="g">y-gencatlg</subfield>
  </datafield>
  <datafield tag="925" ind1="0" ind2=" ">
    <subfield code="a">acquire</subfield>
    <subfield code="b">1 shelf copy</subfield>
    <subfield code="x">Sel/rjc, 2015-12-03</subfield>
  </datafield>
  <datafield tag="955" ind1=" " ind2=" ">
    <subfield code="b">rm04 2015-12-29 z-processor</subfield>
    <subfield code="a">re09 2016-02-17 better in HM511?</subfield>
    <subfield code="i">rm14 2019-12-27</subfield>
    <subfield code="e">rm14 2020-01-02 (volumes 1-4 to Dewey)</subfield>
  </datafield>
  <datafield tag="955" ind1=" " ind2=" ">
    <subfield code="a">pc17 2014-05-15</subfield>
    <subfield code="a">xn11 2015-12-11 v. 1-4 rec&apos;d., to USASH</subfield>
  </datafield>
  <datafield tag="010" ind1=" " ind2=" ">
    <subfield code="a">  2014940862</subfield>
  </datafield>
  <datafield tag="015" ind1=" " ind2=" ">
    <subfield code="a">GBB4C3321</subfield>
    <subfield code="2">bnb</subfield>
  </datafield>
  <datafield tag="016" ind1="7" ind2=" ">
    <subfield code="a">016932192</subfield>
    <subfield code="2">Uk</subfield>
  </datafield>
  <datafield tag="020" ind1=" " ind2=" ">
    <subfield code="a">9781446274484</subfield>
    <subfield code="q">(set ;</subfield>
    <subfield code="q">hardback)</subfield>
  </datafield>
  <datafield tag="020" ind1=" " ind2=" ">
    <subfield code="a">1446274489</subfield>
    <subfield code="q">(set ;</subfield>
    <subfield code="q">hardback)</subfield>
  </datafield>
  <datafield tag="035" ind1=" " ind2=" ">
    <subfield code="a">(OCoLC)ocn894610911</subfield>
  </datafield>
  <datafield tag="040" ind1=" " ind2=" ">
    <subfield code="a">UKMGB</subfield>
    <subfield code="b">eng</subfield>
    <subfield code="e">rda</subfield>
    <subfield code="c">UKMGB</subfield>
    <subfield code="d">OCLCO</subfield>
    <subfield code="d">CHVBK</subfield>
    <subfield code="d">OCLCF</subfield>
    <subfield code="d">CDX</subfield>
    <subfield code="d">YDXCP</subfield>
    <subfield code="d">BTCTA</subfield>
    <subfield code="d">BDX</subfield>
    <subfield code="d">VGM</subfield>
    <subfield code="d">CUD</subfield>
    <subfield code="d">DLC</subfield>
  </datafield>
  <datafield tag="042" ind1=" " ind2=" ">
    <subfield code="a">lccopycat</subfield>
  </datafield>
  <datafield tag="050" ind1="0" ind2="0">
    <subfield code="a">HM511</subfield>
    <subfield code="b">.C37 2015</subfield>
  </datafield>
  <datafield tag="082" ind1="0" ind2="4">
    <subfield code="a">371.39</subfield>
    <subfield code="2">23</subfield>
  </datafield>
  <datafield tag="245" ind1="0" ind2="0">
    <subfield code="a">Case studies /</subfield>
    <subfield code="c">edited by Malcolm Tight.</subfield>
  </datafield>
  <datafield tag="264" ind1=" " ind2="1">
    <subfield code="a">Los Angeles :</subfield>
    <subfield code="b">SAGE Reference,</subfield>
    <subfield code="c">2015.</subfield>
  </datafield>
  <datafield tag="300" ind1=" " ind2=" ">
    <subfield code="a">4 volumes :</subfield>
    <subfield code="b">illustrations ;</subfield>
    <subfield code="c">24 cm.</subfield>
  </datafield>
  <datafield tag="336" ind1=" " ind2=" ">
    <subfield code="a">text</subfield>
    <subfield code="b">txt</subfield>
    <subfield code="2">rdacontent</subfield>
  </datafield>
  <datafield tag="337" ind1=" " ind2=" ">
    <subfield code="a">unmediated</subfield>
    <subfield code="b">n</subfield>
    <subfield code="2">rdamedia</subfield>
  </datafield>
  <datafield tag="338" ind1=" " ind2=" ">
    <subfield code="a">volume</subfield>
    <subfield code="b">nc</subfield>
    <subfield code="2">rdacarrier</subfield>
  </datafield>
  <datafield tag="490" ind1="1" ind2=" ">
    <subfield code="a">SAGE benchmarks in social research methods</subfield>
  </datafield>
  <datafield tag="504" ind1=" " ind2=" ">
    <subfield code="a">Includes bibliographical references.</subfield>
  </datafield>
  <datafield tag="505" ind1="0" ind2="0">
    <subfield code="g">Vol. 1</subfield>
    <subfield code="t">Case study contexts --</subfield>
    <subfield code="g">Vol. 2</subfield>
    <subfield code="t">Case study design --</subfield>
    <subfield code="g">Vol. 3</subfield>
    <subfield code="t">Issues with case study --</subfield>
    <subfield code="g">Vol. 4</subfield>
    <subfield code="t">The use of case studies in different disciplines.</subfield>
  </datafield>
  <datafield tag="520" ind1="8" ind2=" ">
    <subfield code="a">This collection takes a dutifully contemporary approach to the exploration of the uses and interpretations of the case study across a multitude of disciplines and through various cultural perspectives. Exploring the case study from both methodological and theoretical perspectives, the texts included in the volumes illustrate how case study techniques are currently employed, and suggest how they might develop in the foreseeable future. Relevant to varied levels and scales of case study use, the aim of this collection is to provide readers with a comprehensive overview of where we are now with case study research, so that they may better judge their own applications of the case study. From definitions to interdisciplinary methods, this set will address the practical case study by offering a structured selection of some of the best modern and classic writing on the case study in article form, together with a synoptic editorial introduction and overview of the field of research.</subfield>
  </datafield>
  <datafield tag="650" ind1=" " ind2="0">
    <subfield code="a">Case method.</subfield>
  </datafield>
  <datafield tag="650" ind1=" " ind2="7">
    <subfield code="a">Case method.</subfield>
    <subfield code="2">fast</subfield>
    <subfield code="0">(OCoLC)fst00848153</subfield>
  </datafield>
  <datafield tag="650" ind1=" " ind2="7">
    <subfield code="a">Fallstudie.</subfield>
    <subfield code="2">gnd</subfield>
    <subfield code="0">(DE-588)4124897-1</subfield>
  </datafield>
  <datafield tag="650" ind1=" " ind2="7">
    <subfield code="a">Forschungsmethode.</subfield>
    <subfield code="2">gnd</subfield>
    <subfield code="0">(DE-588)4155046-8</subfield>
  </datafield>
  <datafield tag="650" ind1=" " ind2="7">
    <subfield code="a">Sozialwissenschaften.</subfield>
    <subfield code="2">gnd</subfield>
    <subfield code="0">(DE-588)4055916-6</subfield>
  </datafield>
  <datafield tag="700" ind1="1" ind2=" ">
    <subfield code="a">Tight, Malcolm,</subfield>
    <subfield code="e">editor.</subfield>
  </datafield>
  <datafield tag="830" ind1=" " ind2="0">
    <subfield code="a">Sage benchmarks in social research methods.</subfield>
  </datafield>
</record>