
<record>
  <leader>03839cam a2200601 i 4500</leader>
  <controlfield tag="001">18250657</controlfield>
  <controlfield tag="005">20200102173040.0</controlfield>
  <controlfield tag="008">140801s2013    is            000 0 heb d</controlfield>
  <datafield tag="906" ind1=" " ind2=" ">
    <subfield code="a">0</subfield>
    <subfield code="b">ibc</subfield>
    <subfield code="c">copycat</subfield>
    <subfield code="d">3</subfield>
    <subfield code="e">ncip</subfield>
    <subfield code="f">20</subfield>
    <subfield code="g">y-nonroman</subfield>
  </datafield>
  <datafield tag="925" ind1="0" ind2=" ">
    <subfield code="a">acquire</subfield>
    <subfield code="b">1 shelf copy</subfield>
    <subfield code="x">policy default</subfield>
  </datafield>
  <datafield tag="955" ind1=" " ind2=" ">
    <subfield code="b">cd22 2019-01-07 z-processor JACKPHY (prev.: cd01 2014-08-01 z-processor JACKPHY to cd00);</subfield>
    <subfield code="a">cd22 2019-01-07;</subfield>
    <subfield code="i">cd22 2019-12-30 updated UTNAR and with consultation from cd23, to cd01;</subfield>
    <subfield code="r">cd01 2020-01-02 reviewed, returned to cd22</subfield>
  </datafield>
  <datafield tag="010" ind1=" " ind2=" ">
    <subfield code="a">  2014449260</subfield>
  </datafield>
  <datafield tag="035" ind1=" " ind2=" ">
    <subfield code="a">(OCoLC)ocn869829482</subfield>
  </datafield>
  <datafield tag="040" ind1=" " ind2=" ">
    <subfield code="a">WEINB</subfield>
    <subfield code="b">eng</subfield>
    <subfield code="e">rda</subfield>
    <subfield code="c">WEINB</subfield>
    <subfield code="d">HLS</subfield>
    <subfield code="d">OCLCO</subfield>
    <subfield code="d">OCLCF</subfield>
    <subfield code="d">YYP</subfield>
    <subfield code="d">OCLCQ</subfield>
    <subfield code="d">HUC</subfield>
    <subfield code="d">OCLCQ</subfield>
    <subfield code="d">DLC</subfield>
  </datafield>
  <datafield tag="042" ind1=" " ind2=" ">
    <subfield code="a">lccopycat</subfield>
  </datafield>
  <datafield tag="050" ind1="0" ind2="0">
    <subfield code="a">BM685</subfield>
    <subfield code="b">.G66 2013 +</subfield>
  </datafield>
  <datafield tag="066" ind1=" " ind2=" ">
    <subfield code="c">(2</subfield>
  </datafield>
  <datafield tag="100" ind1="1" ind2=" ">
    <subfield code="6">880-01</subfield>
    <subfield code="a">Goṭlib, Natan,</subfield>
    <subfield code="e">author.</subfield>
  </datafield>
  <datafield tag="880" ind1="1" ind2=" ">
    <subfield code="6">100-01/(2/r‏</subfield>
    <subfield code="a">‏גוטליב, נתן.</subfield>
  </datafield>
  <datafield tag="240" ind1="1" ind2="0">
    <subfield code="a">Ḳeneh vinah</subfield>
  </datafield>
  <datafield tag="245" ind1="1" ind2="0">
    <subfield code="6">880-02</subfield>
    <subfield code="a">Sefer Ḳeneh vinah :</subfield>
    <subfield code="b">perush u-veʼur ḳal ṿe-ḳatsar shaṿeh le-khol nefesh ʻal Magen Avraham ... ; uve-shule ha-sefer mador ha-niḳra &quot;Binat nevonaṿ&quot; uve-tokho yavo heʻarot ḳetsarot, ṿe-gam tsiyanti bi-ḳetsarah daʻat gedole ha-posḳim odot pisḳe halakhah ha-yotsʼim mi-tokh divre ha-Magen Avraham, Oraḥ ḥayim - Hilkhot Shabat /</subfield>
    <subfield code="c">neʼerakh be-ʻezrat ha-Ḥonen le-Adam Daʼat ʻal yede Natan b. R.Y. Goṭlib.</subfield>
  </datafield>
  <datafield tag="880" ind1="1" ind2="0">
    <subfield code="6">245-02/(2/r‏</subfield>
    <subfield code="a">‏ספר קנה בינה :‏</subfield>
    <subfield code="b">‏פירוש וביאור קל וקצר שוה לכל נפש על מגן אברהם ... ; ובשולי הספר מדור הנקרא ״בינת נבוניו״ ובתוכו יבוא הערות קצרות, וגם ציינתי בקצרה דעת גדולי הפוסקים אודות פסקי הלכה היוצאים מתוך דברי המגן אברהם, אורח חיים, הלכות שבת /‏</subfield>
    <subfield code="c">‏נערך בעזרת החונן לאדם דעת על ידי נתן בר&quot;י גוטליב.</subfield>
  </datafield>
  <datafield tag="246" ind1="1" ind2="7">
    <subfield code="6">880-03</subfield>
    <subfield code="a">Magen Avraham</subfield>
  </datafield>
  <datafield tag="880" ind1="1" ind2="7">
    <subfield code="6">246-03/(2/r‏</subfield>
    <subfield code="a">‏מגן אברהם</subfield>
  </datafield>
  <datafield tag="246" ind1="3" ind2="0">
    <subfield code="6">880-04</subfield>
    <subfield code="a">Ḳeneh vinah</subfield>
  </datafield>
  <datafield tag="880" ind1="3" ind2="0">
    <subfield code="6">246-04/(2/r‏</subfield>
    <subfield code="a">‏קנה בינה</subfield>
  </datafield>
  <datafield tag="246" ind1="3" ind2=" ">
    <subfield code="a">Keneh binah</subfield>
  </datafield>
  <datafield tag="246" ind1="3" ind2=" ">
    <subfield code="a">Kanah vinah</subfield>
  </datafield>
  <datafield tag="246" ind1="3" ind2=" ">
    <subfield code="a">Kanah binah</subfield>
  </datafield>
  <datafield tag="264" ind1=" " ind2="1">
    <subfield code="6">880-05</subfield>
    <subfield code="a">Yerushalayim :</subfield>
    <subfield code="b">[Natan Goṭlib],</subfield>
    <subfield code="c">774 [2013 or 2014]</subfield>
  </datafield>
  <datafield tag="880" ind1=" " ind2="1">
    <subfield code="6">264-05/(2/r‏</subfield>
    <subfield code="a">‏ירושלים :‏</subfield>
    <subfield code="b">[נתן גוטליב],‏</subfield>
    <subfield code="c">‏‪תשע&quot;ד‬.</subfield>
  </datafield>
  <datafield tag="300" ind1=" " ind2=" ">
    <subfield code="a">414 pages ;</subfield>
    <subfield code="c">25 cm</subfield>
  </datafield>
  <datafield tag="336" ind1=" " ind2=" ">
    <subfield code="a">text</subfield>
    <subfield code="b">txt</subfield>
    <subfield code="2">rdacontent</subfield>
  </datafield>
  <datafield tag="337" ind1=" " ind2=" ">
    <subfield code="a">unmediated</subfield>
    <subfield code="b">n</subfield>
    <subfield code="2">rdamedia</subfield>
  </datafield>
  <datafield tag="338" ind1=" " ind2=" ">
    <subfield code="a">volume</subfield>
    <subfield code="b">nc</subfield>
    <subfield code="2">rdacarrier</subfield>
  </datafield>
  <datafield tag="500" ind1=" " ind2=" ">
    <subfield code="6">880-06</subfield>
    <subfield code="a">&apos;Mahadurat Flaishman&quot;--Cover.</subfield>
  </datafield>
  <datafield tag="880" ind1=" " ind2=" ">
    <subfield code="6">500-06/(2/r‏</subfield>
    <subfield code="a">‏&quot;מהדורת פליישמאן&quot;--Cover.</subfield>
  </datafield>
  <datafield tag="500" ind1=" " ind2=" ">
    <subfield code="a">Includes the texts of the Shulḥan ʻarukh Hilkhot Shabat and the Magen Avraham commentary.</subfield>
  </datafield>
  <datafield tag="500" ind1=" " ind2=" ">
    <subfield code="6">880-07</subfield>
    <subfield code="a">&quot;Magen Avraham ha-mevoʼar&quot;--Cover.</subfield>
  </datafield>
  <datafield tag="880" ind1=" " ind2=" ">
    <subfield code="6">500-07/(2/r‏</subfield>
    <subfield code="a">‏&quot;מגן אברהם המבואר&quot;--Cover.</subfield>
  </datafield>
  <datafield tag="500" ind1=" " ind2=" ">
    <subfield code="6">880-08</subfield>
    <subfield code="a">&quot;Hilkhot Shabat si. 242-300&quot;--Cover.</subfield>
  </datafield>
  <datafield tag="880" ind1=" " ind2=" ">
    <subfield code="6">500-08/(2/r‏</subfield>
    <subfield code="a">‏&quot;הלכות שבת סי׳ רמ״ב־ ש׳&quot;--Cover.</subfield>
  </datafield>
  <datafield tag="650" ind1=" " ind2="0">
    <subfield code="a">Sabbath (Jewish law)</subfield>
  </datafield>
  <datafield tag="600" ind1="1" ind2="0">
    <subfield code="a">Karo, Joseph ben Ephraim,</subfield>
    <subfield code="d">1488-1575.</subfield>
    <subfield code="t">Hilkhot Shabat.</subfield>
  </datafield>
  <datafield tag="600" ind1="1" ind2="0">
    <subfield code="a">Gombiner, Abraham Abele ben Ḥayyim,</subfield>
    <subfield code="c">ha-Levi,</subfield>
    <subfield code="d">approximately 1637-1683.</subfield>
    <subfield code="t">Magen Avraham.</subfield>
  </datafield>
  <datafield tag="630" ind1="0" ind2="7">
    <subfield code="a">Hilkhot Shabat (Karo, Joseph ben Ephraim)</subfield>
    <subfield code="2">fast</subfield>
    <subfield code="0">(OCoLC)fst01368405</subfield>
  </datafield>
  <datafield tag="630" ind1="0" ind2="7">
    <subfield code="a">Magen Avraham (Gombiner, Abraham Abele ben Ḥayyim, ha-Leṿi)</subfield>
    <subfield code="2">fast</subfield>
    <subfield code="0">(OCoLC)fst01374444</subfield>
  </datafield>
  <datafield tag="650" ind1=" " ind2="7">
    <subfield code="a">Sabbath (Jewish law)</subfield>
    <subfield code="2">fast</subfield>
    <subfield code="0">(OCoLC)fst01102949</subfield>
  </datafield>
  <datafield tag="700" ind1="1" ind2="2">
    <subfield code="i">Container of (work):</subfield>
    <subfield code="a">Karo, Joseph ben Ephraim,</subfield>
    <subfield code="d">1488-1575.</subfield>
    <subfield code="t">Hilkhot Shabat.</subfield>
  </datafield>
  <datafield tag="700" ind1="1" ind2="2">
    <subfield code="i">Container of (work):</subfield>
    <subfield code="a">Gombiner, Abraham Abele ben Ḥayyim,</subfield>
    <subfield code="c">ha-Levi,</subfield>
    <subfield code="d">approximately 1637-1683.</subfield>
    <subfield code="t">Magen Avraham.</subfield>
  </datafield>
  <datafield tag="700" ind1="1" ind2="2">
    <subfield code="i">Container of (work):</subfield>
    <subfield code="a">Goṭlib, Natan.</subfield>
    <subfield code="t">Binat nevonaṿ.</subfield>
  </datafield>
  <datafield tag="740" ind1="0" ind2="2">
    <subfield code="6">880-09</subfield>
    <subfield code="a">Binat nevonaṿ.</subfield>
  </datafield>
  <datafield tag="880" ind1="0" ind2="2">
    <subfield code="6">740-09/(2/r‏</subfield>
    <subfield code="a">‏בינת נבוביו.</subfield>
  </datafield>
</record>