
<record>
  <leader>02287cjm a22004817a 4500</leader>
  <controlfield tag="001">18287973</controlfield>
  <controlfield tag="005">20200102172548.0</controlfield>
  <controlfield tag="007">sd fsngnnmmned</controlfield>
  <controlfield tag="008">140903p20112009gw mun|  defi     | ger d</controlfield>
  <datafield tag="906" ind1=" " ind2=" ">
    <subfield code="a">7</subfield>
    <subfield code="b">cbc</subfield>
    <subfield code="c">copycat</subfield>
    <subfield code="d">2</subfield>
    <subfield code="e">ncip</subfield>
    <subfield code="f">20</subfield>
    <subfield code="g">y-soundrec</subfield>
  </datafield>
  <datafield tag="925" ind1="0" ind2=" ">
    <subfield code="a">acquire</subfield>
    <subfield code="b">2 shelf copies</subfield>
    <subfield code="x">policy default</subfield>
  </datafield>
  <datafield tag="955" ind1=" " ind2=" ">
    <subfield code="a">qr06 2014-09-03 z-client</subfield>
    <subfield code="i">qr06 2014-09-03</subfield>
  </datafield>
  <datafield tag="010" ind1=" " ind2=" ">
    <subfield code="a">  2014623439</subfield>
  </datafield>
  <datafield tag="024" ind1="3" ind2=" ">
    <subfield code="a">4009350833630</subfield>
  </datafield>
  <datafield tag="028" ind1="0" ind2="2">
    <subfield code="a">CV 83.363</subfield>
    <subfield code="b">Carus</subfield>
  </datafield>
  <datafield tag="035" ind1=" " ind2=" ">
    <subfield code="a">(OCoLC)ocn754143017</subfield>
  </datafield>
  <datafield tag="040" ind1=" " ind2=" ">
    <subfield code="a">TDF</subfield>
    <subfield code="c">TDF</subfield>
    <subfield code="d">CIN</subfield>
    <subfield code="d">OCLCA</subfield>
    <subfield code="d">BTCTA</subfield>
    <subfield code="d">OCLCF</subfield>
    <subfield code="d">DLC</subfield>
  </datafield>
  <datafield tag="041" ind1="0" ind2=" ">
    <subfield code="d">ger</subfield>
    <subfield code="e">ger</subfield>
    <subfield code="e">eng</subfield>
    <subfield code="n">ger</subfield>
    <subfield code="g">eng</subfield>
    <subfield code="g">fre</subfield>
    <subfield code="g">ger</subfield>
    <subfield code="m">ger</subfield>
  </datafield>
  <datafield tag="042" ind1=" " ind2=" ">
    <subfield code="a">lccopycat</subfield>
  </datafield>
  <datafield tag="047" ind1=" " ind2=" ">
    <subfield code="a">ct</subfield>
    <subfield code="a">mo</subfield>
  </datafield>
  <datafield tag="050" ind1="0" ind2="0">
    <subfield code="a">SDC 40533</subfield>
  </datafield>
  <datafield tag="082" ind1="0" ind2="4">
    <subfield code="a">782.24</subfield>
    <subfield code="2">2</subfield>
  </datafield>
  <datafield tag="100" ind1="1" ind2=" ">
    <subfield code="a">Förtsch, Johann Philipp,</subfield>
    <subfield code="d">1652-1732.</subfield>
  </datafield>
  <datafield tag="240" ind1="1" ind2="0">
    <subfield code="a">Vocal music.</subfield>
    <subfield code="k">Selections</subfield>
  </datafield>
  <datafield tag="245" ind1="1" ind2="0">
    <subfield code="a">Ich freue mich im Herrn</subfield>
    <subfield code="h">[sound recording] /</subfield>
    <subfield code="c">Johann Philipp Förtsch.</subfield>
  </datafield>
  <datafield tag="260" ind1=" " ind2=" ">
    <subfield code="a">Stuttgart :</subfield>
    <subfield code="b">Carus,</subfield>
    <subfield code="c">p2011.</subfield>
  </datafield>
  <datafield tag="300" ind1=" " ind2=" ">
    <subfield code="a">1 sound disc :</subfield>
    <subfield code="b">digital ;</subfield>
    <subfield code="c">4 3/4 in.</subfield>
  </datafield>
  <datafield tag="306" ind1=" " ind2=" ">
    <subfield code="a">000537</subfield>
    <subfield code="a">000622</subfield>
    <subfield code="a">000611</subfield>
    <subfield code="a">000312</subfield>
    <subfield code="a">000751</subfield>
    <subfield code="a">000639</subfield>
    <subfield code="a">000630</subfield>
    <subfield code="a">000655</subfield>
    <subfield code="a">000338</subfield>
    <subfield code="a">000738</subfield>
    <subfield code="a">000908</subfield>
  </datafield>
  <datafield tag="546" ind1=" " ind2=" ">
    <subfield code="a">Sung in German and Latin.</subfield>
  </datafield>
  <datafield tag="511" ind1="0" ind2=" ">
    <subfield code="a">Monika Mauch, Barbara Bübl, sopranos ; Alex Potter, alto ; Hans Jorg Mammel, tenor ; Markus Flaig, bass ; L&apos;arpa festante ; Rien Voskuilen, conductor.</subfield>
  </datafield>
  <datafield tag="518" ind1=" " ind2=" ">
    <subfield code="a">Recorded Sept. 7-9, 2009, Evangelische Kirche Zwerenberg.</subfield>
  </datafield>
  <datafield tag="500" ind1=" " ind2=" ">
    <subfield code="a">Compact disc.</subfield>
  </datafield>
  <datafield tag="546" ind1=" " ind2=" ">
    <subfield code="a">Program and biographical notes in German with English and French translations, and texts in German with English translations (27 p. : ill. ; 13 cm.) in container.</subfield>
  </datafield>
  <datafield tag="505" ind1="0" ind2=" ">
    <subfield code="a">Ach, dass die Hülfe aus Zion (5:37) -- Ich weiss, dass mein Erlöser lebt (6:22) -- Verbum caro factum est (6:11) -- Träufelt, ihr Himmel, von oben (3:12) -- Veni Creator Spiritus : Hymnus (7:51) -- Ich freue mich im Herrn (6:39) -- Lobet den Herren, alle Heiden (6:30) -- Adesto mihi Domine (6:55) -- Herr, wer wird wohnen (3:38) -- Aus der Tiefen (7:38) -- O adoranda trinitas (9:08).</subfield>
  </datafield>
  <datafield tag="650" ind1=" " ind2="0">
    <subfield code="a">Cantatas, Sacred.</subfield>
  </datafield>
  <datafield tag="650" ind1=" " ind2="0">
    <subfield code="a">Motets.</subfield>
  </datafield>
  <datafield tag="700" ind1="1" ind2=" ">
    <subfield code="a">Mauch, Monika.</subfield>
    <subfield code="4">prf</subfield>
  </datafield>
  <datafield tag="700" ind1="1" ind2=" ">
    <subfield code="a">Bübl, Barbara.</subfield>
    <subfield code="4">prf</subfield>
  </datafield>
  <datafield tag="700" ind1="1" ind2=" ">
    <subfield code="a">Potter, Alex.</subfield>
    <subfield code="4">prf</subfield>
  </datafield>
  <datafield tag="700" ind1="1" ind2=" ">
    <subfield code="a">Mammel, Hans Jörg.</subfield>
    <subfield code="4">prf</subfield>
  </datafield>
  <datafield tag="700" ind1="1" ind2=" ">
    <subfield code="a">Flaig, Markus.</subfield>
    <subfield code="4">prf</subfield>
  </datafield>
  <datafield tag="700" ind1="1" ind2=" ">
    <subfield code="a">Voskuilen, Rien.</subfield>
    <subfield code="4">cnd</subfield>
  </datafield>
  <datafield tag="710" ind1="2" ind2=" ">
    <subfield code="a">Arpa festante (Musical group)</subfield>
    <subfield code="4">prf</subfield>
  </datafield>
</record>